%YAML 1.1
%TAG !u! tag:unity3d.com,2011:
--- !u!241 &24100000
AudioMixerController:
  m_ObjectHideFlags: 0
  m_CorrespondingSourceObject: {fileID: 0}
  m_PrefabInstance: {fileID: 0}
  m_PrefabAsset: {fileID: 0}
  m_Name: GameSounds
  m_OutputGroup: {fileID: 0}
  m_MasterGroup: {fileID: 24300002}
  m_Snapshots:
  - {fileID: 24500006}
  m_StartSnapshot: {fileID: 24500006}
  m_SuspendThreshold: -80
  m_EnableSuspend: 1
  m_UpdateMode: 0
  m_ExposedParameters:
  - guid: a94383407fc563f449e456dadcfcede2
    name: environmentVolume
  - guid: e87085e05e94f3a429a391b532f35f1f
    name: masterVolume
  - guid: 5ba4f075ef7769f4685f38a230ef9e5d
    name: stepsVolume
  m_AudioMixerGroupViews:
  - guids:
    - b6c1d70af25526e43b89b274c892c0ba
    - e653d41b4ffd35e46a0dfb13b1a75bd3
    - 1a38b349eb0d5fb4eb5ce188cb3ae601
    name: View
  m_CurrentViewIndex: 0
  m_TargetSnapshot: {fileID: 24500006}
--- !u!243 &24300002
AudioMixerGroupController:
  m_ObjectHideFlags: 0
  m_CorrespondingSourceObject: {fileID: 0}
  m_PrefabInstance: {fileID: 0}
  m_PrefabAsset: {fileID: 0}
  m_Name: Master
  m_AudioMixer: {fileID: 24100000}
  m_GroupID: b6c1d70af25526e43b89b274c892c0ba
  m_Children:
  - {fileID: 6331793772029914123}
  - {fileID: 8437789392991991988}
  m_Volume: e87085e05e94f3a429a391b532f35f1f
  m_Pitch: 2eb15f910d94ced4eaa04adf68e6ab09
  m_Send: 00000000000000000000000000000000
  m_Effects:
  - {fileID: 24400004}
  m_UserColorIndex: 0
  m_Mute: 0
  m_Solo: 0
  m_BypassEffects: 0
--- !u!244 &24400004
AudioMixerEffectController:
  m_ObjectHideFlags: 3
  m_CorrespondingSourceObject: {fileID: 0}
  m_PrefabInstance: {fileID: 0}
  m_PrefabAsset: {fileID: 0}
  m_Name: 
  m_EffectID: 6df2873971fe0cb4eba2559525aead1d
  m_EffectName: Attenuation
  m_MixLevel: 9076f9b2b792a334da38f7b51e4455ac
  m_Parameters: []
  m_SendTarget: {fileID: 0}
  m_EnableWetMix: 0
  m_Bypass: 0
--- !u!245 &24500006
AudioMixerSnapshotController:
  m_ObjectHideFlags: 0
  m_CorrespondingSourceObject: {fileID: 0}
  m_PrefabInstance: {fileID: 0}
  m_PrefabAsset: {fileID: 0}
  m_Name: Snapshot
  m_AudioMixer: {fileID: 24100000}
  m_SnapshotID: 6c01ba92e3267d2429192d2b6ff47bca
  m_FloatValues: {}
  m_TransitionOverrides: {}
--- !u!244 &1170370164852137166
AudioMixerEffectController:
  m_ObjectHideFlags: 3
  m_CorrespondingSourceObject: {fileID: 0}
  m_PrefabInstance: {fileID: 0}
  m_PrefabAsset: {fileID: 0}
  m_Name: 
  m_EffectID: 71fa0acef84e70d41a412831edd5a3d8
  m_EffectName: Attenuation
  m_MixLevel: 7c5d83f9e22af574eb5f5f700a38e912
  m_Parameters: []
  m_SendTarget: {fileID: 0}
  m_EnableWetMix: 0
  m_Bypass: 0
--- !u!243 &6331793772029914123
AudioMixerGroupController:
  m_ObjectHideFlags: 0
  m_CorrespondingSourceObject: {fileID: 0}
  m_PrefabInstance: {fileID: 0}
  m_PrefabAsset: {fileID: 0}
  m_Name: Steps
  m_AudioMixer: {fileID: 24100000}
  m_GroupID: e653d41b4ffd35e46a0dfb13b1a75bd3
  m_Children: []
  m_Volume: 5ba4f075ef7769f4685f38a230ef9e5d
  m_Pitch: 4a1d4ae9ded0cc0489a10063755d5a27
  m_Send: 00000000000000000000000000000000
  m_Effects:
  - {fileID: 1170370164852137166}
  m_UserColorIndex: 0
  m_Mute: 0
  m_Solo: 0
  m_BypassEffects: 0
--- !u!243 &8437789392991991988
AudioMixerGroupController:
  m_ObjectHideFlags: 0
  m_CorrespondingSourceObject: {fileID: 0}
  m_PrefabInstance: {fileID: 0}
  m_PrefabAsset: {fileID: 0}
  m_Name: Environment
  m_AudioMixer: {fileID: 24100000}
  m_GroupID: 1a38b349eb0d5fb4eb5ce188cb3ae601
  m_Children: []
  m_Volume: a94383407fc563f449e456dadcfcede2
  m_Pitch: 835c4288d9e576e4d90d5431d6ceb39a
  m_Send: 00000000000000000000000000000000
  m_Effects:
  - {fileID: 8501995737296059237}
  m_UserColorIndex: 0
  m_Mute: 0
  m_Solo: 0
  m_BypassEffects: 0
--- !u!244 &8501995737296059237
AudioMixerEffectController:
  m_ObjectHideFlags: 3
  m_CorrespondingSourceObject: {fileID: 0}
  m_PrefabInstance: {fileID: 0}
  m_PrefabAsset: {fileID: 0}
  m_Name: 
  m_EffectID: c49ddca4e2f20d540b7f04c5756cccd8
  m_EffectName: Attenuation
  m_MixLevel: d52cef6d03139654b80b4da652083902
  m_Parameters: []
  m_SendTarget: {fileID: 0}
  m_EnableWetMix: 0
  m_Bypass: 0
