%YAML 1.1
%TAG !u! tag:unity3d.com,2011:
--- !u!1 &1320481369952051717
GameObject:
  m_ObjectHideFlags: 0
  m_CorrespondingSourceObject: {fileID: 0}
  m_PrefabInstance: {fileID: 0}
  m_PrefabAsset: {fileID: 0}
  serializedVersion: 6
  m_Component:
  - component: {fileID: 1320481369952051716}
  - component: {fileID: 1320481369952051723}
  - component: {fileID: 1320481369952051722}
  - component: {fileID: 8573145575749159986}
  - component: {fileID: 1626752005272840454}
  - component: {fileID: 5803045689513397366}
  - component: {fileID: 3378227118619554931}
  m_Layer: 0
  m_Name: GameController
  m_TagString: GameController
  m_Icon: {fileID: 0}
  m_NavMeshLayer: 0
  m_StaticEditorFlags: 0
  m_IsActive: 1
--- !u!4 &1320481369952051716
Transform:
  m_ObjectHideFlags: 0
  m_CorrespondingSourceObject: {fileID: 0}
  m_PrefabInstance: {fileID: 0}
  m_PrefabAsset: {fileID: 0}
  m_GameObject: {fileID: 1320481369952051717}
  m_LocalRotation: {x: 0, y: 0, z: 0, w: 1}
  m_LocalPosition: {x: -0.021347158, y: 0.019923978, z: -0.4818241}
  m_LocalScale: {x: 1, y: 1, z: 1}
  m_Children: []
  m_Father: {fileID: 0}
  m_RootOrder: 0
  m_LocalEulerAnglesHint: {x: 0, y: 0, z: 0}
--- !u!114 &1320481369952051723
MonoBehaviour:
  m_ObjectHideFlags: 0
  m_CorrespondingSourceObject: {fileID: 0}
  m_PrefabInstance: {fileID: 0}
  m_PrefabAsset: {fileID: 0}
  m_GameObject: {fileID: 1320481369952051717}
  m_Enabled: 1
  m_EditorHideFlags: 0
  m_Script: {fileID: 11500000, guid: 7c2f896ce235449e8dbbc310180f64b2, type: 3}
  m_Name: 
  m_EditorClassIdentifier: 
--- !u!114 &1320481369952051722
MonoBehaviour:
  m_ObjectHideFlags: 0
  m_CorrespondingSourceObject: {fileID: 0}
  m_PrefabInstance: {fileID: 0}
  m_PrefabAsset: {fileID: 0}
  m_GameObject: {fileID: 1320481369952051717}
  m_Enabled: 1
  m_EditorHideFlags: 0
  m_Script: {fileID: 11500000, guid: 0d21fbade21746ef81eb84af76f2b63e, type: 3}
  m_Name: 
  m_EditorClassIdentifier: 
  pooledObjects: []
  itemsToPool:
  - objectToPool: {fileID: 4489144934243654491, guid: 00a3b297f3c4afb40ab58f41f56c649f,
      type: 3}
    amountToPool: 1
    shouldExpand: 0
--- !u!114 &8573145575749159986
MonoBehaviour:
  m_ObjectHideFlags: 0
  m_CorrespondingSourceObject: {fileID: 0}
  m_PrefabInstance: {fileID: 0}
  m_PrefabAsset: {fileID: 0}
  m_GameObject: {fileID: 1320481369952051717}
  m_Enabled: 1
  m_EditorHideFlags: 0
  m_Script: {fileID: 11500000, guid: 5766f34b8d15459a8c7151435beabf52, type: 3}
  m_Name: 
  m_EditorClassIdentifier: 
--- !u!114 &1626752005272840454
MonoBehaviour:
  m_ObjectHideFlags: 0
  m_CorrespondingSourceObject: {fileID: 0}
  m_PrefabInstance: {fileID: 0}
  m_PrefabAsset: {fileID: 0}
  m_GameObject: {fileID: 1320481369952051717}
  m_Enabled: 1
  m_EditorHideFlags: 0
  m_Script: {fileID: 11500000, guid: 746051e57be3c5f408f56b444a0e7c7f, type: 3}
  m_Name: 
  m_EditorClassIdentifier: 
--- !u!114 &5803045689513397366
MonoBehaviour:
  m_ObjectHideFlags: 0
  m_CorrespondingSourceObject: {fileID: 0}
  m_PrefabInstance: {fileID: 0}
  m_PrefabAsset: {fileID: 0}
  m_GameObject: {fileID: 1320481369952051717}
  m_Enabled: 1
  m_EditorHideFlags: 0
  m_Script: {fileID: 11500000, guid: 4a7d967492104d96bf47c727d3bf6b79, type: 3}
  m_Name: 
  m_EditorClassIdentifier: 
--- !u!114 &3378227118619554931
MonoBehaviour:
  m_ObjectHideFlags: 0
  m_CorrespondingSourceObject: {fileID: 0}
  m_PrefabInstance: {fileID: 0}
  m_PrefabAsset: {fileID: 0}
  m_GameObject: {fileID: 1320481369952051717}
  m_Enabled: 1
  m_EditorHideFlags: 0
  m_Script: {fileID: 11500000, guid: 91111f69fe6742bba73754dc871ab891, type: 3}
  m_Name: 
  m_EditorClassIdentifier: 
