%YAML 1.1
%TAG !u! tag:unity3d.com,2011:
--- !u!29 &1
OcclusionCullingSettings:
  m_ObjectHideFlags: 0
  serializedVersion: 2
  m_OcclusionBakeSettings:
    smallestOccluder: 5
    smallestHole: 0.25
    backfaceThreshold: 100
  m_SceneGUID: 00000000000000000000000000000000
  m_OcclusionCullingData: {fileID: 0}
--- !u!104 &2
RenderSettings:
  m_ObjectHideFlags: 0
  serializedVersion: 9
  m_Fog: 0
  m_FogColor: {r: 0.5, g: 0.5, b: 0.5, a: 1}
  m_FogMode: 3
  m_FogDensity: 0.01
  m_LinearFogStart: 0
  m_LinearFogEnd: 300
  m_AmbientSkyColor: {r: 0.212, g: 0.227, b: 0.259, a: 1}
  m_AmbientEquatorColor: {r: 0.114, g: 0.125, b: 0.133, a: 1}
  m_AmbientGroundColor: {r: 0.047, g: 0.043, b: 0.035, a: 1}
  m_AmbientIntensity: 1
  m_AmbientMode: 3
  m_SubtractiveShadowColor: {r: 0.42, g: 0.478, b: 0.627, a: 1}
  m_SkyboxMaterial: {fileID: 0}
  m_HaloStrength: 0.5
  m_FlareStrength: 1
  m_FlareFadeSpeed: 3
  m_HaloTexture: {fileID: 0}
  m_SpotCookie: {fileID: 10001, guid: 0000000000000000e000000000000000, type: 0}
  m_DefaultReflectionMode: 0
  m_DefaultReflectionResolution: 128
  m_ReflectionBounces: 1
  m_ReflectionIntensity: 1
  m_CustomReflection: {fileID: 0}
  m_Sun: {fileID: 0}
  m_IndirectSpecularColor: {r: 0, g: 0, b: 0, a: 1}
  m_UseRadianceAmbientProbe: 0
--- !u!157 &3
LightmapSettings:
  m_ObjectHideFlags: 0
  serializedVersion: 12
  m_GIWorkflowMode: 1
  m_GISettings:
    serializedVersion: 2
    m_BounceScale: 1
    m_IndirectOutputScale: 1
    m_AlbedoBoost: 1
    m_EnvironmentLightingMode: 0
    m_EnableBakedLightmaps: 0
    m_EnableRealtimeLightmaps: 0
  m_LightmapEditorSettings:
    serializedVersion: 12
    m_Resolution: 2
    m_BakeResolution: 40
    m_AtlasSize: 1024
    m_AO: 0
    m_AOMaxDistance: 1
    m_CompAOExponent: 1
    m_CompAOExponentDirect: 0
    m_ExtractAmbientOcclusion: 0
    m_Padding: 2
    m_LightmapParameters: {fileID: 0}
    m_LightmapsBakeMode: 1
    m_TextureCompression: 1
    m_FinalGather: 0
    m_FinalGatherFiltering: 1
    m_FinalGatherRayCount: 256
    m_ReflectionCompression: 2
    m_MixedBakeMode: 2
    m_BakeBackend: 1
    m_PVRSampling: 1
    m_PVRDirectSampleCount: 32
    m_PVRSampleCount: 512
    m_PVRBounces: 2
    m_PVREnvironmentSampleCount: 256
    m_PVREnvironmentReferencePointCount: 2048
    m_PVRFilteringMode: 1
    m_PVRDenoiserTypeDirect: 1
    m_PVRDenoiserTypeIndirect: 1
    m_PVRDenoiserTypeAO: 1
    m_PVRFilterTypeDirect: 0
    m_PVRFilterTypeIndirect: 0
    m_PVRFilterTypeAO: 0
    m_PVREnvironmentMIS: 1
    m_PVRCulling: 1
    m_PVRFilteringGaussRadiusDirect: 1
    m_PVRFilteringGaussRadiusIndirect: 5
    m_PVRFilteringGaussRadiusAO: 2
    m_PVRFilteringAtrousPositionSigmaDirect: 0.5
    m_PVRFilteringAtrousPositionSigmaIndirect: 2
    m_PVRFilteringAtrousPositionSigmaAO: 1
    m_ExportTrainingData: 0
    m_TrainingDataDestination: TrainingData
    m_LightProbeSampleCountMultiplier: 4
  m_LightingDataAsset: {fileID: 0}
  m_LightingSettings: {fileID: 0}
--- !u!196 &4
NavMeshSettings:
  serializedVersion: 2
  m_ObjectHideFlags: 0
  m_BuildSettings:
    serializedVersion: 2
    agentTypeID: 0
    agentRadius: 0.5
    agentHeight: 2
    agentSlope: 45
    agentClimb: 0.4
    ledgeDropHeight: 0
    maxJumpAcrossDistance: 0
    minRegionArea: 2
    manualCellSize: 0
    cellSize: 0.16666667
    manualTileSize: 0
    tileSize: 256
    accuratePlacement: 0
    maxJobWorkers: 0
    preserveTilesOutsideBounds: 0
    debug:
      m_Flags: 0
  m_NavMeshData: {fileID: 0}
--- !u!1 &311419366
GameObject:
  m_ObjectHideFlags: 0
  m_CorrespondingSourceObject: {fileID: 0}
  m_PrefabInstance: {fileID: 0}
  m_PrefabAsset: {fileID: 0}
  serializedVersion: 6
  m_Component:
  - component: {fileID: 311419370}
  - component: {fileID: 311419369}
  - component: {fileID: 311419368}
  - component: {fileID: 311419367}
  - component: {fileID: 311419371}
  m_Layer: 5
  m_Name: Pause
  m_TagString: GameController
  m_Icon: {fileID: 0}
  m_NavMeshLayer: 0
  m_StaticEditorFlags: 0
  m_IsActive: 1
--- !u!114 &311419367
MonoBehaviour:
  m_ObjectHideFlags: 0
  m_CorrespondingSourceObject: {fileID: 0}
  m_PrefabInstance: {fileID: 0}
  m_PrefabAsset: {fileID: 0}
  m_GameObject: {fileID: 311419366}
  m_Enabled: 1
  m_EditorHideFlags: 0
  m_Script: {fileID: 11500000, guid: dc42784cf147c0c48a680349fa168899, type: 3}
  m_Name: 
  m_EditorClassIdentifier: 
  m_IgnoreReversedGraphics: 1
  m_BlockingObjects: 0
  m_BlockingMask:
    serializedVersion: 2
    m_Bits: 4294967295
--- !u!114 &311419368
MonoBehaviour:
  m_ObjectHideFlags: 0
  m_CorrespondingSourceObject: {fileID: 0}
  m_PrefabInstance: {fileID: 0}
  m_PrefabAsset: {fileID: 0}
  m_GameObject: {fileID: 311419366}
  m_Enabled: 1
  m_EditorHideFlags: 0
  m_Script: {fileID: 11500000, guid: 0cd44c1031e13a943bb63640046fad76, type: 3}
  m_Name: 
  m_EditorClassIdentifier: 
  m_UiScaleMode: 2
  m_ReferencePixelsPerUnit: 100
  m_ScaleFactor: 1
  m_ReferenceResolution: {x: 800, y: 600}
  m_ScreenMatchMode: 0
  m_MatchWidthOrHeight: 0
  m_PhysicalUnit: 3
  m_FallbackScreenDPI: 72
  m_DefaultSpriteDPI: 72
  m_DynamicPixelsPerUnit: 1
--- !u!223 &311419369
Canvas:
  m_ObjectHideFlags: 0
  m_CorrespondingSourceObject: {fileID: 0}
  m_PrefabInstance: {fileID: 0}
  m_PrefabAsset: {fileID: 0}
  m_GameObject: {fileID: 311419366}
  m_Enabled: 1
  serializedVersion: 3
  m_RenderMode: 0
  m_Camera: {fileID: 0}
  m_PlaneDistance: 100
  m_PixelPerfect: 0
  m_ReceivesEvents: 1
  m_OverrideSorting: 0
  m_OverridePixelPerfect: 0
  m_SortingBucketNormalizedSize: 0
  m_AdditionalShaderChannelsFlag: 25
  m_SortingLayerID: 0
  m_SortingOrder: 0
  m_TargetDisplay: 0
--- !u!224 &311419370
RectTransform:
  m_ObjectHideFlags: 0
  m_CorrespondingSourceObject: {fileID: 0}
  m_PrefabInstance: {fileID: 0}
  m_PrefabAsset: {fileID: 0}
  m_GameObject: {fileID: 311419366}
  m_LocalRotation: {x: 0, y: 0, z: 0, w: 1}
  m_LocalPosition: {x: 0, y: 0, z: 0}
  m_LocalScale: {x: 0, y: 0, z: 0}
  m_Children:
  - {fileID: 2108148584}
  - {fileID: 526780027}
  m_Father: {fileID: 0}
  m_RootOrder: 0
  m_LocalEulerAnglesHint: {x: 0, y: 0, z: 0}
  m_AnchorMin: {x: 0, y: 0}
  m_AnchorMax: {x: 0, y: 0}
  m_AnchoredPosition: {x: 0, y: 0}
  m_SizeDelta: {x: 0, y: 0}
  m_Pivot: {x: 0, y: 0}
--- !u!114 &311419371
MonoBehaviour:
  m_ObjectHideFlags: 0
  m_CorrespondingSourceObject: {fileID: 0}
  m_PrefabInstance: {fileID: 0}
  m_PrefabAsset: {fileID: 0}
  m_GameObject: {fileID: 311419366}
  m_Enabled: 1
  m_EditorHideFlags: 0
  m_Script: {fileID: 11500000, guid: 2489d71595b943fe89519d81b6d53c45, type: 3}
  m_Name: 
  m_EditorClassIdentifier: 
--- !u!1 &526780026
GameObject:
  m_ObjectHideFlags: 0
  m_CorrespondingSourceObject: {fileID: 0}
  m_PrefabInstance: {fileID: 0}
  m_PrefabAsset: {fileID: 0}
  serializedVersion: 6
  m_Component:
  - component: {fileID: 526780027}
  m_Layer: 5
  m_Name: Anchor
  m_TagString: Untagged
  m_Icon: {fileID: 0}
  m_NavMeshLayer: 0
  m_StaticEditorFlags: 0
  m_IsActive: 1
--- !u!224 &526780027
RectTransform:
  m_ObjectHideFlags: 0
  m_CorrespondingSourceObject: {fileID: 0}
  m_PrefabInstance: {fileID: 0}
  m_PrefabAsset: {fileID: 0}
  m_GameObject: {fileID: 526780026}
  m_LocalRotation: {x: 0, y: 0.008726558, z: 0, w: 0.999962}
  m_LocalPosition: {x: 0, y: 0, z: 0}
  m_LocalScale: {x: 1, y: 1, z: 1}
  m_Children:
  - {fileID: 630829750}
  - {fileID: 636959586}
  - {fileID: 1353458946}
  - {fileID: 1910490216}
  m_Father: {fileID: 311419370}
  m_RootOrder: 1
  m_LocalEulerAnglesHint: {x: 0, y: 1, z: 0}
  m_AnchorMin: {x: 0.5, y: 0.5}
  m_AnchorMax: {x: 0.5, y: 0.5}
  m_AnchoredPosition: {x: 0, y: 0}
  m_SizeDelta: {x: 1000, y: 600}
  m_Pivot: {x: 0.5, y: 0.5}
--- !u!1 &630829749
GameObject:
  m_ObjectHideFlags: 0
  m_CorrespondingSourceObject: {fileID: 0}
  m_PrefabInstance: {fileID: 0}
  m_PrefabAsset: {fileID: 0}
  serializedVersion: 6
  m_Component:
  - component: {fileID: 630829750}
  - component: {fileID: 630829752}
  - component: {fileID: 630829751}
  m_Layer: 5
  m_Name: Title
  m_TagString: Untagged
  m_Icon: {fileID: 0}
  m_NavMeshLayer: 0
  m_StaticEditorFlags: 0
  m_IsActive: 1
--- !u!224 &630829750
RectTransform:
  m_ObjectHideFlags: 0
  m_CorrespondingSourceObject: {fileID: 0}
  m_PrefabInstance: {fileID: 0}
  m_PrefabAsset: {fileID: 0}
  m_GameObject: {fileID: 630829749}
  m_LocalRotation: {x: -0, y: -0, z: -0, w: 1}
  m_LocalPosition: {x: 0, y: 0, z: -0}
  m_LocalScale: {x: 1, y: 1, z: 1}
  m_Children: []
  m_Father: {fileID: 526780027}
  m_RootOrder: 0
  m_LocalEulerAnglesHint: {x: 0, y: 0, z: 0}
  m_AnchorMin: {x: 0.5, y: 0.5}
  m_AnchorMax: {x: 0.5, y: 0.5}
  m_AnchoredPosition: {x: 41, y: 49}
  m_SizeDelta: {x: 512, y: 128}
  m_Pivot: {x: 0.5, y: 0}
--- !u!114 &630829751
MonoBehaviour:
  m_ObjectHideFlags: 0
  m_CorrespondingSourceObject: {fileID: 0}
  m_PrefabInstance: {fileID: 0}
  m_PrefabAsset: {fileID: 0}
  m_GameObject: {fileID: 630829749}
  m_Enabled: 1
  m_EditorHideFlags: 0
  m_Script: {fileID: 11500000, guid: f4688fdb7df04437aeb418b961361dc5, type: 3}
  m_Name: 
  m_EditorClassIdentifier: 
  m_Material: {fileID: 0}
  m_Color: {r: 1, g: 1, b: 1, a: 1}
  m_RaycastTarget: 1
  m_RaycastPadding: {x: 0, y: 0, z: 0, w: 0}
  m_Maskable: 1
  m_OnCullStateChanged:
    m_PersistentCalls:
      m_Calls: []
  m_text: Pause
  m_isRightToLeft: 0
  m_fontAsset: {fileID: 11400000, guid: 52cb95421939b3343ade2a7579e71c06, type: 2}
  m_sharedMaterial: {fileID: 21307179227807236, guid: 52cb95421939b3343ade2a7579e71c06,
    type: 2}
  m_fontSharedMaterials: []
  m_fontMaterial: {fileID: 0}
  m_fontMaterials: []
  m_fontColor32:
    serializedVersion: 2
    rgba: 4294967295
  m_fontColor: {r: 1, g: 1, b: 1, a: 1}
  m_enableVertexGradient: 0
  m_colorMode: 3
  m_fontColorGradient:
    topLeft: {r: 1, g: 1, b: 1, a: 1}
    topRight: {r: 1, g: 1, b: 1, a: 1}
    bottomLeft: {r: 1, g: 1, b: 1, a: 1}
    bottomRight: {r: 1, g: 1, b: 1, a: 1}
  m_fontColorGradientPreset: {fileID: 0}
  m_spriteAsset: {fileID: 0}
  m_tintAllSprites: 0
  m_StyleSheet: {fileID: 0}
  m_TextStyleHashCode: -1183493901
  m_overrideHtmlColors: 0
  m_faceColor:
    serializedVersion: 2
    rgba: 4294967295
  m_fontSize: 80
  m_fontSizeBase: 80
  m_fontWeight: 400
  m_enableAutoSizing: 0
  m_fontSizeMin: 18
  m_fontSizeMax: 72
  m_fontStyle: 0
  m_HorizontalAlignment: 2
  m_VerticalAlignment: 256
  m_textAlignment: 65535
  m_characterSpacing: 0
  m_wordSpacing: 0
  m_lineSpacing: 0
  m_lineSpacingMax: 0
  m_paragraphSpacing: 0
  m_charWidthMaxAdj: 0
  m_enableWordWrapping: 1
  m_wordWrappingRatios: 0.4
  m_overflowMode: 0
  m_linkedTextComponent: {fileID: 0}
  parentLinkedComponent: {fileID: 0}
  m_enableKerning: 1
  m_enableExtraPadding: 0
  checkPaddingRequired: 0
  m_isRichText: 1
  m_parseCtrlCharacters: 1
  m_isOrthographic: 1
  m_isCullingEnabled: 0
  m_horizontalMapping: 0
  m_verticalMapping: 0
  m_uvLineOffset: 0
  m_geometrySortingOrder: 0
  m_IsTextObjectScaleStatic: 0
  m_VertexBufferAutoSizeReduction: 1
  m_useMaxVisibleDescender: 1
  m_pageToDisplay: 1
  m_margin: {x: -282.98184, y: 0.0000004905253, z: -203.06277, w: 55.09397}
  m_isUsingLegacyAnimationComponent: 0
  m_isVolumetricText: 0
  m_hasFontAssetChanged: 0
  m_baseMaterial: {fileID: 0}
  m_maskOffset: {x: 0, y: 0, z: 0, w: 0}
--- !u!222 &630829752
CanvasRenderer:
  m_ObjectHideFlags: 0
  m_CorrespondingSourceObject: {fileID: 0}
  m_PrefabInstance: {fileID: 0}
  m_PrefabAsset: {fileID: 0}
  m_GameObject: {fileID: 630829749}
  m_CullTransparentMesh: 0
--- !u!1001 &636959585
PrefabInstance:
  m_ObjectHideFlags: 0
  serializedVersion: 2
  m_Modification:
    m_TransformParent: {fileID: 526780027}
    m_Modifications:
    - target: {fileID: 1432879644850976, guid: 738986601f3c7024eba34825abbf8078, type: 3}
      propertyPath: m_Name
      value: Resume
      objectReference: {fileID: 0}
    - target: {fileID: 114162723845648338, guid: 738986601f3c7024eba34825abbf8078,
        type: 3}
      propertyPath: m_text
      value: Resume
      objectReference: {fileID: 0}
    - target: {fileID: 114162723845648338, guid: 738986601f3c7024eba34825abbf8078,
        type: 3}
      propertyPath: m_HorizontalAlignment
      value: 2
      objectReference: {fileID: 0}
    - target: {fileID: 114162723845648338, guid: 738986601f3c7024eba34825abbf8078,
        type: 3}
      propertyPath: m_fontSize
      value: 30
      objectReference: {fileID: 0}
    - target: {fileID: 114162723845648338, guid: 738986601f3c7024eba34825abbf8078,
        type: 3}
      propertyPath: m_fontSizeBase
      value: 30
      objectReference: {fileID: 0}
    - target: {fileID: 114162723845648338, guid: 738986601f3c7024eba34825abbf8078,
        type: 3}
      propertyPath: m_fontAsset
      value: 
      objectReference: {fileID: 11400000, guid: 2d09d60468e176544aeb5c85c5996945,
        type: 2}
    - target: {fileID: 114162723845648338, guid: 738986601f3c7024eba34825abbf8078,
        type: 3}
      propertyPath: m_sharedMaterial
      value: 
      objectReference: {fileID: -1123199703291536381, guid: 2d09d60468e176544aeb5c85c5996945,
        type: 2}
    - target: {fileID: 114473228879009638, guid: 738986601f3c7024eba34825abbf8078,
        type: 3}
      propertyPath: m_text
      value: Resume
      objectReference: {fileID: 0}
    - target: {fileID: 114473228879009638, guid: 738986601f3c7024eba34825abbf8078,
        type: 3}
      propertyPath: m_HorizontalAlignment
      value: 2
      objectReference: {fileID: 0}
    - target: {fileID: 114473228879009638, guid: 738986601f3c7024eba34825abbf8078,
        type: 3}
      propertyPath: m_fontSize
      value: 30
      objectReference: {fileID: 0}
    - target: {fileID: 114473228879009638, guid: 738986601f3c7024eba34825abbf8078,
        type: 3}
      propertyPath: m_fontSizeBase
      value: 30
      objectReference: {fileID: 0}
    - target: {fileID: 114473228879009638, guid: 738986601f3c7024eba34825abbf8078,
        type: 3}
      propertyPath: m_fontAsset
      value: 
      objectReference: {fileID: 11400000, guid: 2d09d60468e176544aeb5c85c5996945,
        type: 2}
    - target: {fileID: 114473228879009638, guid: 738986601f3c7024eba34825abbf8078,
        type: 3}
      propertyPath: m_sharedMaterial
      value: 
      objectReference: {fileID: -1123199703291536381, guid: 2d09d60468e176544aeb5c85c5996945,
        type: 2}
    - target: {fileID: 114674421988355758, guid: 738986601f3c7024eba34825abbf8078,
        type: 3}
      propertyPath: m_OnClick.m_PersistentCalls.m_Calls.Array.size
      value: 2
      objectReference: {fileID: 0}
    - target: {fileID: 114674421988355758, guid: 738986601f3c7024eba34825abbf8078,
        type: 3}
      propertyPath: m_Navigation.m_Mode
      value: 4
      objectReference: {fileID: 0}
    - target: {fileID: 114674421988355758, guid: 738986601f3c7024eba34825abbf8078,
        type: 3}
      propertyPath: m_Navigation.m_SelectOnDown
      value: 
      objectReference: {fileID: 1353458947}
    - target: {fileID: 114674421988355758, guid: 738986601f3c7024eba34825abbf8078,
        type: 3}
      propertyPath: m_Navigation.m_SelectOnUp
      value: 
      objectReference: {fileID: 1910490217}
    - target: {fileID: 114674421988355758, guid: 738986601f3c7024eba34825abbf8078,
        type: 3}
      propertyPath: m_OnClick.m_PersistentCalls.m_Calls.Array.data[2].m_Mode
      value: 1
      objectReference: {fileID: 0}
    - target: {fileID: 114674421988355758, guid: 738986601f3c7024eba34825abbf8078,
        type: 3}
      propertyPath: m_OnClick.m_PersistentCalls.m_Calls.Array.data[2].m_CallState
      value: 2
      objectReference: {fileID: 0}
    - target: {fileID: 114719508242176518, guid: 738986601f3c7024eba34825abbf8078,
        type: 3}
      propertyPath: m_HorizontalFit
      value: 0
      objectReference: {fileID: 0}
    - target: {fileID: 224104902173032242, guid: 738986601f3c7024eba34825abbf8078,
        type: 3}
      propertyPath: m_AnchoredPosition.x
      value: 187.5
      objectReference: {fileID: 0}
    - target: {fileID: 224104902173032242, guid: 738986601f3c7024eba34825abbf8078,
        type: 3}
      propertyPath: m_AnchorMin.y
      value: 0
      objectReference: {fileID: 0}
    - target: {fileID: 224104902173032242, guid: 738986601f3c7024eba34825abbf8078,
        type: 3}
      propertyPath: m_AnchorMax.y
      value: 0
      objectReference: {fileID: 0}
    - target: {fileID: 224104902173032242, guid: 738986601f3c7024eba34825abbf8078,
        type: 3}
      propertyPath: m_AnchoredPosition.y
      value: 0
      objectReference: {fileID: 0}
    - target: {fileID: 224104902173032242, guid: 738986601f3c7024eba34825abbf8078,
        type: 3}
      propertyPath: m_SizeDelta.x
      value: 0
      objectReference: {fileID: 0}
    - target: {fileID: 224285257788118906, guid: 738986601f3c7024eba34825abbf8078,
        type: 3}
      propertyPath: m_LocalPosition.x
      value: 0
      objectReference: {fileID: 0}
    - target: {fileID: 224285257788118906, guid: 738986601f3c7024eba34825abbf8078,
        type: 3}
      propertyPath: m_LocalPosition.y
      value: 0
      objectReference: {fileID: 0}
    - target: {fileID: 224285257788118906, guid: 738986601f3c7024eba34825abbf8078,
        type: 3}
      propertyPath: m_LocalPosition.z
      value: 0
      objectReference: {fileID: 0}
    - target: {fileID: 224285257788118906, guid: 738986601f3c7024eba34825abbf8078,
        type: 3}
      propertyPath: m_LocalRotation.x
      value: 0
      objectReference: {fileID: 0}
    - target: {fileID: 224285257788118906, guid: 738986601f3c7024eba34825abbf8078,
        type: 3}
      propertyPath: m_LocalRotation.y
      value: 0
      objectReference: {fileID: 0}
    - target: {fileID: 224285257788118906, guid: 738986601f3c7024eba34825abbf8078,
        type: 3}
      propertyPath: m_LocalRotation.z
      value: 0
      objectReference: {fileID: 0}
    - target: {fileID: 224285257788118906, guid: 738986601f3c7024eba34825abbf8078,
        type: 3}
      propertyPath: m_LocalRotation.w
      value: 1
      objectReference: {fileID: 0}
    - target: {fileID: 224285257788118906, guid: 738986601f3c7024eba34825abbf8078,
        type: 3}
      propertyPath: m_RootOrder
      value: 1
      objectReference: {fileID: 0}
    - target: {fileID: 224285257788118906, guid: 738986601f3c7024eba34825abbf8078,
        type: 3}
      propertyPath: m_LocalEulerAnglesHint.x
      value: 0
      objectReference: {fileID: 0}
    - target: {fileID: 224285257788118906, guid: 738986601f3c7024eba34825abbf8078,
        type: 3}
      propertyPath: m_LocalEulerAnglesHint.y
      value: 0
      objectReference: {fileID: 0}
    - target: {fileID: 224285257788118906, guid: 738986601f3c7024eba34825abbf8078,
        type: 3}
      propertyPath: m_LocalEulerAnglesHint.z
      value: 0
      objectReference: {fileID: 0}
    - target: {fileID: 224285257788118906, guid: 738986601f3c7024eba34825abbf8078,
        type: 3}
      propertyPath: m_AnchoredPosition.x
      value: 0
      objectReference: {fileID: 0}
    - target: {fileID: 224285257788118906, guid: 738986601f3c7024eba34825abbf8078,
        type: 3}
      propertyPath: m_AnchoredPosition.y
      value: 13
      objectReference: {fileID: 0}
    - target: {fileID: 224285257788118906, guid: 738986601f3c7024eba34825abbf8078,
        type: 3}
      propertyPath: m_SizeDelta.x
      value: 0
      objectReference: {fileID: 0}
    - target: {fileID: 224285257788118906, guid: 738986601f3c7024eba34825abbf8078,
        type: 3}
      propertyPath: m_SizeDelta.y
      value: 50
      objectReference: {fileID: 0}
    - target: {fileID: 224285257788118906, guid: 738986601f3c7024eba34825abbf8078,
        type: 3}
      propertyPath: m_AnchorMin.x
      value: 0.5
      objectReference: {fileID: 0}
    - target: {fileID: 224285257788118906, guid: 738986601f3c7024eba34825abbf8078,
        type: 3}
      propertyPath: m_AnchorMin.y
      value: 0.5
      objectReference: {fileID: 0}
    - target: {fileID: 224285257788118906, guid: 738986601f3c7024eba34825abbf8078,
        type: 3}
      propertyPath: m_AnchorMax.x
      value: 0.5
      objectReference: {fileID: 0}
    - target: {fileID: 224285257788118906, guid: 738986601f3c7024eba34825abbf8078,
        type: 3}
      propertyPath: m_AnchorMax.y
      value: 0.5
      objectReference: {fileID: 0}
    - target: {fileID: 224285257788118906, guid: 738986601f3c7024eba34825abbf8078,
        type: 3}
      propertyPath: m_Pivot.x
      value: 0.5
      objectReference: {fileID: 0}
    - target: {fileID: 224285257788118906, guid: 738986601f3c7024eba34825abbf8078,
        type: 3}
      propertyPath: m_Pivot.y
      value: 0.5
      objectReference: {fileID: 0}
    - target: {fileID: 224285257788118906, guid: 738986601f3c7024eba34825abbf8078,
        type: 3}
      propertyPath: m_LocalScale.x
      value: 1
      objectReference: {fileID: 0}
    - target: {fileID: 224285257788118906, guid: 738986601f3c7024eba34825abbf8078,
        type: 3}
      propertyPath: m_LocalScale.y
      value: 1
      objectReference: {fileID: 0}
    - target: {fileID: 224285257788118906, guid: 738986601f3c7024eba34825abbf8078,
        type: 3}
      propertyPath: m_LocalScale.z
      value: 1
      objectReference: {fileID: 0}
    - target: {fileID: 224452190952647574, guid: 738986601f3c7024eba34825abbf8078,
        type: 3}
      propertyPath: m_AnchoredPosition.x
      value: 187.5
      objectReference: {fileID: 0}
    - target: {fileID: 224452190952647574, guid: 738986601f3c7024eba34825abbf8078,
        type: 3}
      propertyPath: m_AnchorMin.y
      value: 0
      objectReference: {fileID: 0}
    - target: {fileID: 224452190952647574, guid: 738986601f3c7024eba34825abbf8078,
        type: 3}
      propertyPath: m_AnchorMax.y
      value: 0
      objectReference: {fileID: 0}
    - target: {fileID: 224452190952647574, guid: 738986601f3c7024eba34825abbf8078,
        type: 3}
      propertyPath: m_AnchoredPosition.y
      value: 0
      objectReference: {fileID: 0}
    - target: {fileID: 224452190952647574, guid: 738986601f3c7024eba34825abbf8078,
        type: 3}
      propertyPath: m_SizeDelta.x
      value: 375
      objectReference: {fileID: 0}
    m_RemovedComponents: []
  m_SourcePrefab: {fileID: 100100000, guid: 738986601f3c7024eba34825abbf8078, type: 3}
--- !u!224 &636959586 stripped
RectTransform:
  m_CorrespondingSourceObject: {fileID: 224285257788118906, guid: 738986601f3c7024eba34825abbf8078,
    type: 3}
  m_PrefabInstance: {fileID: 636959585}
  m_PrefabAsset: {fileID: 0}
--- !u!114 &636959587 stripped
MonoBehaviour:
  m_CorrespondingSourceObject: {fileID: 114674421988355758, guid: 738986601f3c7024eba34825abbf8078,
    type: 3}
  m_PrefabInstance: {fileID: 636959585}
  m_PrefabAsset: {fileID: 0}
  m_GameObject: {fileID: 0}
  m_Enabled: 1
  m_EditorHideFlags: 0
  m_Script: {fileID: 11500000, guid: 4e29b1a8efbd4b44bb3f3716e73f07ff, type: 3}
  m_Name: 
  m_EditorClassIdentifier: 
--- !u!1001 &1353458945
PrefabInstance:
  m_ObjectHideFlags: 0
  serializedVersion: 2
  m_Modification:
    m_TransformParent: {fileID: 526780027}
    m_Modifications:
    - target: {fileID: 1432879644850976, guid: 738986601f3c7024eba34825abbf8078, type: 3}
      propertyPath: m_Name
      value: Options
      objectReference: {fileID: 0}
    - target: {fileID: 114162723845648338, guid: 738986601f3c7024eba34825abbf8078,
        type: 3}
      propertyPath: m_text
      value: Options
      objectReference: {fileID: 0}
    - target: {fileID: 114162723845648338, guid: 738986601f3c7024eba34825abbf8078,
        type: 3}
      propertyPath: m_HorizontalAlignment
      value: 2
      objectReference: {fileID: 0}
    - target: {fileID: 114162723845648338, guid: 738986601f3c7024eba34825abbf8078,
        type: 3}
      propertyPath: m_fontSize
      value: 30
      objectReference: {fileID: 0}
    - target: {fileID: 114162723845648338, guid: 738986601f3c7024eba34825abbf8078,
        type: 3}
      propertyPath: m_fontSizeBase
      value: 30
      objectReference: {fileID: 0}
    - target: {fileID: 114162723845648338, guid: 738986601f3c7024eba34825abbf8078,
        type: 3}
      propertyPath: m_fontAsset
      value: 
      objectReference: {fileID: 11400000, guid: 2d09d60468e176544aeb5c85c5996945,
        type: 2}
    - target: {fileID: 114162723845648338, guid: 738986601f3c7024eba34825abbf8078,
        type: 3}
      propertyPath: m_sharedMaterial
      value: 
      objectReference: {fileID: -1123199703291536381, guid: 2d09d60468e176544aeb5c85c5996945,
        type: 2}
    - target: {fileID: 114473228879009638, guid: 738986601f3c7024eba34825abbf8078,
        type: 3}
      propertyPath: m_text
      value: Options
      objectReference: {fileID: 0}
    - target: {fileID: 114473228879009638, guid: 738986601f3c7024eba34825abbf8078,
        type: 3}
      propertyPath: m_HorizontalAlignment
      value: 2
      objectReference: {fileID: 0}
    - target: {fileID: 114473228879009638, guid: 738986601f3c7024eba34825abbf8078,
        type: 3}
      propertyPath: m_fontSize
      value: 30
      objectReference: {fileID: 0}
    - target: {fileID: 114473228879009638, guid: 738986601f3c7024eba34825abbf8078,
        type: 3}
      propertyPath: m_fontSizeBase
      value: 30
      objectReference: {fileID: 0}
    - target: {fileID: 114473228879009638, guid: 738986601f3c7024eba34825abbf8078,
        type: 3}
      propertyPath: m_fontAsset
      value: 
      objectReference: {fileID: 11400000, guid: 2d09d60468e176544aeb5c85c5996945,
        type: 2}
    - target: {fileID: 114473228879009638, guid: 738986601f3c7024eba34825abbf8078,
        type: 3}
      propertyPath: m_sharedMaterial
      value: 
      objectReference: {fileID: -1123199703291536381, guid: 2d09d60468e176544aeb5c85c5996945,
        type: 2}
    - target: {fileID: 114674421988355758, guid: 738986601f3c7024eba34825abbf8078,
        type: 3}
      propertyPath: m_Navigation.m_Mode
      value: 4
      objectReference: {fileID: 0}
    - target: {fileID: 114674421988355758, guid: 738986601f3c7024eba34825abbf8078,
        type: 3}
      propertyPath: m_Navigation.m_SelectOnUp
      value: 
      objectReference: {fileID: 636959587}
    - target: {fileID: 114674421988355758, guid: 738986601f3c7024eba34825abbf8078,
        type: 3}
      propertyPath: m_Navigation.m_SelectOnDown
      value: 
      objectReference: {fileID: 1910490217}
    - target: {fileID: 114719508242176518, guid: 738986601f3c7024eba34825abbf8078,
        type: 3}
      propertyPath: m_HorizontalFit
      value: 0
      objectReference: {fileID: 0}
    - target: {fileID: 224104902173032242, guid: 738986601f3c7024eba34825abbf8078,
        type: 3}
      propertyPath: m_AnchoredPosition.x
      value: 187.5
      objectReference: {fileID: 0}
    - target: {fileID: 224104902173032242, guid: 738986601f3c7024eba34825abbf8078,
        type: 3}
      propertyPath: m_AnchorMin.y
      value: 0
      objectReference: {fileID: 0}
    - target: {fileID: 224104902173032242, guid: 738986601f3c7024eba34825abbf8078,
        type: 3}
      propertyPath: m_AnchorMax.y
      value: 0
      objectReference: {fileID: 0}
    - target: {fileID: 224104902173032242, guid: 738986601f3c7024eba34825abbf8078,
        type: 3}
      propertyPath: m_AnchoredPosition.y
      value: 0
      objectReference: {fileID: 0}
    - target: {fileID: 224104902173032242, guid: 738986601f3c7024eba34825abbf8078,
        type: 3}
      propertyPath: m_SizeDelta.x
      value: 0
      objectReference: {fileID: 0}
    - target: {fileID: 224285257788118906, guid: 738986601f3c7024eba34825abbf8078,
        type: 3}
      propertyPath: m_LocalPosition.x
      value: 0
      objectReference: {fileID: 0}
    - target: {fileID: 224285257788118906, guid: 738986601f3c7024eba34825abbf8078,
        type: 3}
      propertyPath: m_LocalPosition.y
      value: 0
      objectReference: {fileID: 0}
    - target: {fileID: 224285257788118906, guid: 738986601f3c7024eba34825abbf8078,
        type: 3}
      propertyPath: m_LocalPosition.z
      value: 0
      objectReference: {fileID: 0}
    - target: {fileID: 224285257788118906, guid: 738986601f3c7024eba34825abbf8078,
        type: 3}
      propertyPath: m_LocalRotation.x
      value: 0
      objectReference: {fileID: 0}
    - target: {fileID: 224285257788118906, guid: 738986601f3c7024eba34825abbf8078,
        type: 3}
      propertyPath: m_LocalRotation.y
      value: 0
      objectReference: {fileID: 0}
    - target: {fileID: 224285257788118906, guid: 738986601f3c7024eba34825abbf8078,
        type: 3}
      propertyPath: m_LocalRotation.z
      value: 0
      objectReference: {fileID: 0}
    - target: {fileID: 224285257788118906, guid: 738986601f3c7024eba34825abbf8078,
        type: 3}
      propertyPath: m_LocalRotation.w
      value: 1
      objectReference: {fileID: 0}
    - target: {fileID: 224285257788118906, guid: 738986601f3c7024eba34825abbf8078,
        type: 3}
      propertyPath: m_RootOrder
      value: 2
      objectReference: {fileID: 0}
    - target: {fileID: 224285257788118906, guid: 738986601f3c7024eba34825abbf8078,
        type: 3}
      propertyPath: m_LocalEulerAnglesHint.x
      value: 0
      objectReference: {fileID: 0}
    - target: {fileID: 224285257788118906, guid: 738986601f3c7024eba34825abbf8078,
        type: 3}
      propertyPath: m_LocalEulerAnglesHint.y
      value: 0
      objectReference: {fileID: 0}
    - target: {fileID: 224285257788118906, guid: 738986601f3c7024eba34825abbf8078,
        type: 3}
      propertyPath: m_LocalEulerAnglesHint.z
      value: 0
      objectReference: {fileID: 0}
    - target: {fileID: 224285257788118906, guid: 738986601f3c7024eba34825abbf8078,
        type: 3}
      propertyPath: m_AnchoredPosition.x
      value: 0
      objectReference: {fileID: 0}
    - target: {fileID: 224285257788118906, guid: 738986601f3c7024eba34825abbf8078,
        type: 3}
      propertyPath: m_AnchoredPosition.y
      value: -91
      objectReference: {fileID: 0}
    - target: {fileID: 224285257788118906, guid: 738986601f3c7024eba34825abbf8078,
        type: 3}
      propertyPath: m_SizeDelta.x
      value: 0
      objectReference: {fileID: 0}
    - target: {fileID: 224285257788118906, guid: 738986601f3c7024eba34825abbf8078,
        type: 3}
      propertyPath: m_SizeDelta.y
      value: 50
      objectReference: {fileID: 0}
    - target: {fileID: 224285257788118906, guid: 738986601f3c7024eba34825abbf8078,
        type: 3}
      propertyPath: m_AnchorMin.x
      value: 0.5
      objectReference: {fileID: 0}
    - target: {fileID: 224285257788118906, guid: 738986601f3c7024eba34825abbf8078,
        type: 3}
      propertyPath: m_AnchorMin.y
      value: 0.5
      objectReference: {fileID: 0}
    - target: {fileID: 224285257788118906, guid: 738986601f3c7024eba34825abbf8078,
        type: 3}
      propertyPath: m_AnchorMax.x
      value: 0.5
      objectReference: {fileID: 0}
    - target: {fileID: 224285257788118906, guid: 738986601f3c7024eba34825abbf8078,
        type: 3}
      propertyPath: m_AnchorMax.y
      value: 0.5
      objectReference: {fileID: 0}
    - target: {fileID: 224285257788118906, guid: 738986601f3c7024eba34825abbf8078,
        type: 3}
      propertyPath: m_Pivot.x
      value: 0.5
      objectReference: {fileID: 0}
    - target: {fileID: 224285257788118906, guid: 738986601f3c7024eba34825abbf8078,
        type: 3}
      propertyPath: m_Pivot.y
      value: 0.5
      objectReference: {fileID: 0}
    - target: {fileID: 224285257788118906, guid: 738986601f3c7024eba34825abbf8078,
        type: 3}
      propertyPath: m_LocalScale.x
      value: 1
      objectReference: {fileID: 0}
    - target: {fileID: 224285257788118906, guid: 738986601f3c7024eba34825abbf8078,
        type: 3}
      propertyPath: m_LocalScale.y
      value: 1
      objectReference: {fileID: 0}
    - target: {fileID: 224285257788118906, guid: 738986601f3c7024eba34825abbf8078,
        type: 3}
      propertyPath: m_LocalScale.z
      value: 1
      objectReference: {fileID: 0}
    - target: {fileID: 224452190952647574, guid: 738986601f3c7024eba34825abbf8078,
        type: 3}
      propertyPath: m_AnchoredPosition.x
      value: 187.5
      objectReference: {fileID: 0}
    - target: {fileID: 224452190952647574, guid: 738986601f3c7024eba34825abbf8078,
        type: 3}
      propertyPath: m_AnchorMin.y
      value: 0
      objectReference: {fileID: 0}
    - target: {fileID: 224452190952647574, guid: 738986601f3c7024eba34825abbf8078,
        type: 3}
      propertyPath: m_AnchorMax.y
      value: 0
      objectReference: {fileID: 0}
    - target: {fileID: 224452190952647574, guid: 738986601f3c7024eba34825abbf8078,
        type: 3}
      propertyPath: m_AnchoredPosition.y
      value: 0
      objectReference: {fileID: 0}
    - target: {fileID: 224452190952647574, guid: 738986601f3c7024eba34825abbf8078,
        type: 3}
      propertyPath: m_SizeDelta.x
      value: 375
      objectReference: {fileID: 0}
    m_RemovedComponents: []
  m_SourcePrefab: {fileID: 100100000, guid: 738986601f3c7024eba34825abbf8078, type: 3}
--- !u!224 &1353458946 stripped
RectTransform:
  m_CorrespondingSourceObject: {fileID: 224285257788118906, guid: 738986601f3c7024eba34825abbf8078,
    type: 3}
  m_PrefabInstance: {fileID: 1353458945}
  m_PrefabAsset: {fileID: 0}
--- !u!114 &1353458947 stripped
MonoBehaviour:
  m_CorrespondingSourceObject: {fileID: 114674421988355758, guid: 738986601f3c7024eba34825abbf8078,
    type: 3}
  m_PrefabInstance: {fileID: 1353458945}
  m_PrefabAsset: {fileID: 0}
  m_GameObject: {fileID: 0}
  m_Enabled: 1
  m_EditorHideFlags: 0
  m_Script: {fileID: 11500000, guid: 4e29b1a8efbd4b44bb3f3716e73f07ff, type: 3}
  m_Name: 
  m_EditorClassIdentifier: 
--- !u!1001 &1910490215
PrefabInstance:
  m_ObjectHideFlags: 0
  serializedVersion: 2
  m_Modification:
    m_TransformParent: {fileID: 526780027}
    m_Modifications:
    - target: {fileID: 1432879644850976, guid: 738986601f3c7024eba34825abbf8078, type: 3}
      propertyPath: m_Name
      value: Return
      objectReference: {fileID: 0}
    - target: {fileID: 114162723845648338, guid: 738986601f3c7024eba34825abbf8078,
        type: 3}
      propertyPath: m_text
      value: Retour au menu principal
      objectReference: {fileID: 0}
    - target: {fileID: 114162723845648338, guid: 738986601f3c7024eba34825abbf8078,
        type: 3}
      propertyPath: m_HorizontalAlignment
      value: 2
      objectReference: {fileID: 0}
    - target: {fileID: 114162723845648338, guid: 738986601f3c7024eba34825abbf8078,
        type: 3}
      propertyPath: m_margin.z
      value: -76.14042
      objectReference: {fileID: 0}
    - target: {fileID: 114162723845648338, guid: 738986601f3c7024eba34825abbf8078,
        type: 3}
      propertyPath: m_margin.x
      value: -85.87905
      objectReference: {fileID: 0}
    - target: {fileID: 114162723845648338, guid: 738986601f3c7024eba34825abbf8078,
        type: 3}
      propertyPath: m_fontAsset
      value: 
      objectReference: {fileID: 11400000, guid: 2d09d60468e176544aeb5c85c5996945,
        type: 2}
    - target: {fileID: 114162723845648338, guid: 738986601f3c7024eba34825abbf8078,
        type: 3}
      propertyPath: m_sharedMaterial
      value: 
      objectReference: {fileID: -1123199703291536381, guid: 2d09d60468e176544aeb5c85c5996945,
        type: 2}
    - target: {fileID: 114162723845648338, guid: 738986601f3c7024eba34825abbf8078,
        type: 3}
      propertyPath: m_fontSize
      value: 30
      objectReference: {fileID: 0}
    - target: {fileID: 114162723845648338, guid: 738986601f3c7024eba34825abbf8078,
        type: 3}
      propertyPath: m_fontSizeBase
      value: 30
      objectReference: {fileID: 0}
    - target: {fileID: 114473228879009638, guid: 738986601f3c7024eba34825abbf8078,
        type: 3}
      propertyPath: m_text
      value: 'Retour au menu principal

'
      objectReference: {fileID: 0}
    - target: {fileID: 114473228879009638, guid: 738986601f3c7024eba34825abbf8078,
        type: 3}
      propertyPath: m_margin.z
      value: -49.419865
      objectReference: {fileID: 0}
    - target: {fileID: 114473228879009638, guid: 738986601f3c7024eba34825abbf8078,
        type: 3}
      propertyPath: m_margin.x
      value: -87.34865
      objectReference: {fileID: 0}
    - target: {fileID: 114473228879009638, guid: 738986601f3c7024eba34825abbf8078,
        type: 3}
      propertyPath: m_fontAsset
      value: 
      objectReference: {fileID: 11400000, guid: 2d09d60468e176544aeb5c85c5996945,
        type: 2}
    - target: {fileID: 114473228879009638, guid: 738986601f3c7024eba34825abbf8078,
        type: 3}
      propertyPath: m_sharedMaterial
      value: 
      objectReference: {fileID: -1123199703291536381, guid: 2d09d60468e176544aeb5c85c5996945,
        type: 2}
    - target: {fileID: 114473228879009638, guid: 738986601f3c7024eba34825abbf8078,
        type: 3}
      propertyPath: m_fontSize
      value: 30
      objectReference: {fileID: 0}
    - target: {fileID: 114473228879009638, guid: 738986601f3c7024eba34825abbf8078,
        type: 3}
      propertyPath: m_fontSizeBase
      value: 30
      objectReference: {fileID: 0}
    - target: {fileID: 114473228879009638, guid: 738986601f3c7024eba34825abbf8078,
        type: 3}
      propertyPath: m_HorizontalAlignment
      value: 2
      objectReference: {fileID: 0}
    - target: {fileID: 114674421988355758, guid: 738986601f3c7024eba34825abbf8078,
        type: 3}
      propertyPath: m_Navigation.m_Mode
      value: 4
      objectReference: {fileID: 0}
    - target: {fileID: 114674421988355758, guid: 738986601f3c7024eba34825abbf8078,
        type: 3}
      propertyPath: m_Navigation.m_SelectOnUp
      value: 
      objectReference: {fileID: 1353458947}
    - target: {fileID: 114674421988355758, guid: 738986601f3c7024eba34825abbf8078,
        type: 3}
      propertyPath: m_Navigation.m_SelectOnDown
      value: 
      objectReference: {fileID: 636959587}
    - target: {fileID: 114719508242176518, guid: 738986601f3c7024eba34825abbf8078,
        type: 3}
      propertyPath: m_HorizontalFit
      value: 0
      objectReference: {fileID: 0}
    - target: {fileID: 224104902173032242, guid: 738986601f3c7024eba34825abbf8078,
        type: 3}
      propertyPath: m_AnchoredPosition.x
      value: 201.17
      objectReference: {fileID: 0}
    - target: {fileID: 224104902173032242, guid: 738986601f3c7024eba34825abbf8078,
        type: 3}
      propertyPath: m_AnchorMin.y
      value: 0
      objectReference: {fileID: 0}
    - target: {fileID: 224104902173032242, guid: 738986601f3c7024eba34825abbf8078,
        type: 3}
      propertyPath: m_AnchorMax.y
      value: 0
      objectReference: {fileID: 0}
    - target: {fileID: 224104902173032242, guid: 738986601f3c7024eba34825abbf8078,
        type: 3}
      propertyPath: m_AnchoredPosition.y
      value: 0
      objectReference: {fileID: 0}
    - target: {fileID: 224104902173032242, guid: 738986601f3c7024eba34825abbf8078,
        type: 3}
      propertyPath: m_SizeDelta.x
      value: 0
      objectReference: {fileID: 0}
    - target: {fileID: 224285257788118906, guid: 738986601f3c7024eba34825abbf8078,
        type: 3}
      propertyPath: m_LocalPosition.x
      value: 0
      objectReference: {fileID: 0}
    - target: {fileID: 224285257788118906, guid: 738986601f3c7024eba34825abbf8078,
        type: 3}
      propertyPath: m_LocalPosition.y
      value: 0
      objectReference: {fileID: 0}
    - target: {fileID: 224285257788118906, guid: 738986601f3c7024eba34825abbf8078,
        type: 3}
      propertyPath: m_LocalPosition.z
      value: 0
      objectReference: {fileID: 0}
    - target: {fileID: 224285257788118906, guid: 738986601f3c7024eba34825abbf8078,
        type: 3}
      propertyPath: m_LocalRotation.x
      value: 0
      objectReference: {fileID: 0}
    - target: {fileID: 224285257788118906, guid: 738986601f3c7024eba34825abbf8078,
        type: 3}
      propertyPath: m_LocalRotation.y
      value: 0
      objectReference: {fileID: 0}
    - target: {fileID: 224285257788118906, guid: 738986601f3c7024eba34825abbf8078,
        type: 3}
      propertyPath: m_LocalRotation.z
      value: 0
      objectReference: {fileID: 0}
    - target: {fileID: 224285257788118906, guid: 738986601f3c7024eba34825abbf8078,
        type: 3}
      propertyPath: m_LocalRotation.w
      value: 1
      objectReference: {fileID: 0}
    - target: {fileID: 224285257788118906, guid: 738986601f3c7024eba34825abbf8078,
        type: 3}
      propertyPath: m_RootOrder
      value: 3
      objectReference: {fileID: 0}
    - target: {fileID: 224285257788118906, guid: 738986601f3c7024eba34825abbf8078,
        type: 3}
      propertyPath: m_LocalEulerAnglesHint.x
      value: 0
      objectReference: {fileID: 0}
    - target: {fileID: 224285257788118906, guid: 738986601f3c7024eba34825abbf8078,
        type: 3}
      propertyPath: m_LocalEulerAnglesHint.y
      value: 0
      objectReference: {fileID: 0}
    - target: {fileID: 224285257788118906, guid: 738986601f3c7024eba34825abbf8078,
        type: 3}
      propertyPath: m_LocalEulerAnglesHint.z
      value: 0
      objectReference: {fileID: 0}
    - target: {fileID: 224285257788118906, guid: 738986601f3c7024eba34825abbf8078,
        type: 3}
      propertyPath: m_AnchoredPosition.x
      value: 0
      objectReference: {fileID: 0}
    - target: {fileID: 224285257788118906, guid: 738986601f3c7024eba34825abbf8078,
        type: 3}
      propertyPath: m_AnchoredPosition.y
      value: -198
      objectReference: {fileID: 0}
    - target: {fileID: 224285257788118906, guid: 738986601f3c7024eba34825abbf8078,
        type: 3}
      propertyPath: m_SizeDelta.x
      value: 0
      objectReference: {fileID: 0}
    - target: {fileID: 224285257788118906, guid: 738986601f3c7024eba34825abbf8078,
        type: 3}
      propertyPath: m_SizeDelta.y
      value: 50
      objectReference: {fileID: 0}
    - target: {fileID: 224285257788118906, guid: 738986601f3c7024eba34825abbf8078,
        type: 3}
      propertyPath: m_AnchorMin.x
      value: 0.5
      objectReference: {fileID: 0}
    - target: {fileID: 224285257788118906, guid: 738986601f3c7024eba34825abbf8078,
        type: 3}
      propertyPath: m_AnchorMin.y
      value: 0.5
      objectReference: {fileID: 0}
    - target: {fileID: 224285257788118906, guid: 738986601f3c7024eba34825abbf8078,
        type: 3}
      propertyPath: m_AnchorMax.x
      value: 0.5
      objectReference: {fileID: 0}
    - target: {fileID: 224285257788118906, guid: 738986601f3c7024eba34825abbf8078,
        type: 3}
      propertyPath: m_AnchorMax.y
      value: 0.5
      objectReference: {fileID: 0}
    - target: {fileID: 224285257788118906, guid: 738986601f3c7024eba34825abbf8078,
        type: 3}
      propertyPath: m_Pivot.x
      value: 0.5
      objectReference: {fileID: 0}
    - target: {fileID: 224285257788118906, guid: 738986601f3c7024eba34825abbf8078,
        type: 3}
      propertyPath: m_Pivot.y
      value: 0.5
      objectReference: {fileID: 0}
    - target: {fileID: 224452190952647574, guid: 738986601f3c7024eba34825abbf8078,
        type: 3}
      propertyPath: m_AnchoredPosition.x
      value: 187.5
      objectReference: {fileID: 0}
    - target: {fileID: 224452190952647574, guid: 738986601f3c7024eba34825abbf8078,
        type: 3}
      propertyPath: m_AnchorMin.y
      value: 0
      objectReference: {fileID: 0}
    - target: {fileID: 224452190952647574, guid: 738986601f3c7024eba34825abbf8078,
        type: 3}
      propertyPath: m_AnchorMax.y
      value: 0
      objectReference: {fileID: 0}
    - target: {fileID: 224452190952647574, guid: 738986601f3c7024eba34825abbf8078,
        type: 3}
      propertyPath: m_AnchoredPosition.y
      value: 0
      objectReference: {fileID: 0}
    - target: {fileID: 224452190952647574, guid: 738986601f3c7024eba34825abbf8078,
        type: 3}
      propertyPath: m_SizeDelta.x
      value: 375
      objectReference: {fileID: 0}
    m_RemovedComponents: []
  m_SourcePrefab: {fileID: 100100000, guid: 738986601f3c7024eba34825abbf8078, type: 3}
--- !u!224 &1910490216 stripped
RectTransform:
  m_CorrespondingSourceObject: {fileID: 224285257788118906, guid: 738986601f3c7024eba34825abbf8078,
    type: 3}
  m_PrefabInstance: {fileID: 1910490215}
  m_PrefabAsset: {fileID: 0}
--- !u!114 &1910490217 stripped
MonoBehaviour:
  m_CorrespondingSourceObject: {fileID: 114674421988355758, guid: 738986601f3c7024eba34825abbf8078,
    type: 3}
  m_PrefabInstance: {fileID: 1910490215}
  m_PrefabAsset: {fileID: 0}
  m_GameObject: {fileID: 0}
  m_Enabled: 1
  m_EditorHideFlags: 0
  m_Script: {fileID: 11500000, guid: 4e29b1a8efbd4b44bb3f3716e73f07ff, type: 3}
  m_Name: 
  m_EditorClassIdentifier: 
--- !u!1 &2108148583
GameObject:
  m_ObjectHideFlags: 0
  m_CorrespondingSourceObject: {fileID: 0}
  m_PrefabInstance: {fileID: 0}
  m_PrefabAsset: {fileID: 0}
  serializedVersion: 6
  m_Component:
  - component: {fileID: 2108148584}
  - component: {fileID: 2108148586}
  - component: {fileID: 2108148585}
  m_Layer: 5
  m_Name: Background
  m_TagString: Untagged
  m_Icon: {fileID: 0}
  m_NavMeshLayer: 0
  m_StaticEditorFlags: 0
  m_IsActive: 1
--- !u!224 &2108148584
RectTransform:
  m_ObjectHideFlags: 0
  m_CorrespondingSourceObject: {fileID: 0}
  m_PrefabInstance: {fileID: 0}
  m_PrefabAsset: {fileID: 0}
  m_GameObject: {fileID: 2108148583}
  m_LocalRotation: {x: 0, y: 0, z: 0, w: 1}
  m_LocalPosition: {x: 0, y: 0, z: 0}
  m_LocalScale: {x: 1, y: 1, z: 1}
  m_Children: []
  m_Father: {fileID: 311419370}
  m_RootOrder: 0
  m_LocalEulerAnglesHint: {x: 0, y: 0, z: 0}
  m_AnchorMin: {x: 0, y: 0}
  m_AnchorMax: {x: 1, y: 1}
  m_AnchoredPosition: {x: 0, y: 0}
  m_SizeDelta: {x: 0, y: 0}
  m_Pivot: {x: 0.5, y: 0.5}
--- !u!114 &2108148585
MonoBehaviour:
  m_ObjectHideFlags: 0
  m_CorrespondingSourceObject: {fileID: 0}
  m_PrefabInstance: {fileID: 0}
  m_PrefabAsset: {fileID: 0}
  m_GameObject: {fileID: 2108148583}
  m_Enabled: 1
  m_EditorHideFlags: 0
  m_Script: {fileID: 11500000, guid: fe87c0e1cc204ed48ad3b37840f39efc, type: 3}
  m_Name: 
  m_EditorClassIdentifier: 
  m_Material: {fileID: 0}
  m_Color: {r: 0, g: 0, b: 0, a: 0.58431375}
  m_RaycastTarget: 1
  m_RaycastPadding: {x: 0, y: 0, z: 0, w: 0}
  m_Maskable: 1
  m_OnCullStateChanged:
    m_PersistentCalls:
      m_Calls: []
  m_Sprite: {fileID: 0}
  m_Type: 1
  m_PreserveAspect: 0
  m_FillCenter: 1
  m_FillMethod: 4
  m_FillAmount: 1
  m_FillClockwise: 1
  m_FillOrigin: 0
  m_UseSpriteMesh: 0
  m_PixelsPerUnitMultiplier: 1
--- !u!222 &2108148586
CanvasRenderer:
  m_ObjectHideFlags: 0
  m_CorrespondingSourceObject: {fileID: 0}
  m_PrefabInstance: {fileID: 0}
  m_PrefabAsset: {fileID: 0}
  m_GameObject: {fileID: 2108148583}
  m_CullTransparentMesh: 0
