%YAML 1.1
%TAG !u! tag:unity3d.com,2011:
--- !u!1 &6462937548914901731
GameObject:
  m_ObjectHideFlags: 0
  m_CorrespondingSourceObject: {fileID: 0}
  m_PrefabInstance: {fileID: 0}
  m_PrefabAsset: {fileID: 0}
  serializedVersion: 6
  m_Component:
  - component: {fileID: 6462937548914901729}
  - component: {fileID: 6462937548914901728}
  - component: {fileID: 6462937548914901758}
  - component: {fileID: 6462937548914901756}
  - component: {fileID: 6462937548914901759}
  - component: {fileID: -1006816112519781534}
  - component: {fileID: 5981565271562614727}
  - component: {fileID: 5904029958140620843}
  - component: {fileID: 7613507843553378169}
  m_Layer: 0
  m_Name: Pedestrian
  m_TagString: Untagged
  m_Icon: {fileID: 0}
  m_NavMeshLayer: 0
  m_StaticEditorFlags: 0
  m_IsActive: 1
--- !u!4 &6462937548914901729
Transform:
  m_ObjectHideFlags: 0
  m_CorrespondingSourceObject: {fileID: 0}
  m_PrefabInstance: {fileID: 0}
  m_PrefabAsset: {fileID: 0}
  m_GameObject: {fileID: 6462937548914901731}
  m_LocalRotation: {x: 0, y: 0, z: 0, w: 1}
  m_LocalPosition: {x: -17.622425, y: 2.228686, z: 0}
  m_LocalScale: {x: 1.5, y: 1.5, z: 1}
  m_Children: []
  m_Father: {fileID: 0}
  m_RootOrder: 0
  m_LocalEulerAnglesHint: {x: 0, y: 0, z: 0}
--- !u!114 &6462937548914901728
MonoBehaviour:
  m_ObjectHideFlags: 0
  m_CorrespondingSourceObject: {fileID: 0}
  m_PrefabInstance: {fileID: 0}
  m_PrefabAsset: {fileID: 0}
  m_GameObject: {fileID: 6462937548914901731}
  m_Enabled: 1
  m_EditorHideFlags: 0
  m_Script: {fileID: 11500000, guid: 4d8eb87a311a4025a56af1aa315ab40e, type: 3}
  m_Name: 
  m_EditorClassIdentifier: 
  size: {x: 0.5, y: 1}
  isColliderCircle: 0
  delay: 5
  lightSprite: {fileID: 21300000, guid: 6592d6be03fd808449716a11558d506f, type: 3}
  percentageLight: 0.4
--- !u!114 &6462937548914901758
MonoBehaviour:
  m_ObjectHideFlags: 0
  m_CorrespondingSourceObject: {fileID: 0}
  m_PrefabInstance: {fileID: 0}
  m_PrefabAsset: {fileID: 0}
  m_GameObject: {fileID: 6462937548914901731}
  m_Enabled: 1
  m_EditorHideFlags: 0
  m_Script: {fileID: 11500000, guid: 48c9076633654f00ac90ff940cb75f16, type: 3}
  m_Name: 
  m_EditorClassIdentifier: 
  maxSoundVolume: 0.4
  minSoundVolume: 0
  distanceFromCenterForMaxSound: 1
  audioClip: {fileID: 8300000, guid: 2fe5a6d5fbb13f84ab0e00c741dc4056, type: 3}
  loopAudio: 1
  loopDelay: 0
--- !u!212 &6462937548914901756
SpriteRenderer:
  m_ObjectHideFlags: 0
  m_CorrespondingSourceObject: {fileID: 0}
  m_PrefabInstance: {fileID: 0}
  m_PrefabAsset: {fileID: 0}
  m_GameObject: {fileID: 6462937548914901731}
  m_Enabled: 1
  m_CastShadows: 0
  m_ReceiveShadows: 0
  m_DynamicOccludee: 1
  m_MotionVectors: 1
  m_LightProbeUsage: 1
  m_ReflectionProbeUsage: 1
  m_RayTracingMode: 0
  m_RayTraceProcedural: 0
  m_RenderingLayerMask: 1
  m_RendererPriority: 0
  m_Materials:
  - {fileID: 10754, guid: 0000000000000000f000000000000000, type: 0}
  m_StaticBatchInfo:
    firstSubMesh: 0
    subMeshCount: 0
  m_StaticBatchRoot: {fileID: 0}
  m_ProbeAnchor: {fileID: 0}
  m_LightProbeVolumeOverride: {fileID: 0}
  m_ScaleInLightmap: 1
  m_ReceiveGI: 1
  m_PreserveUVs: 0
  m_IgnoreNormalsForChartDetection: 0
  m_ImportantGI: 0
  m_StitchLightmapSeams: 1
  m_SelectedEditorRenderState: 0
  m_MinimumChartSize: 4
  m_AutoUVMaxDistance: 0.5
  m_AutoUVMaxAngle: 89
  m_LightmapParameters: {fileID: 0}
  m_SortingLayerID: 0
  m_SortingLayer: 0
  m_SortingOrder: 0
  m_Sprite: {fileID: 21300000, guid: 19137b142d413a04e9a634b10f3f39ed, type: 3}
  m_Color: {r: 1, g: 1, b: 1, a: 1}
  m_FlipX: 0
  m_FlipY: 0
  m_DrawMode: 0
  m_Size: {x: 1.5, y: 1.5}
  m_AdaptiveModeThreshold: 0.5
  m_SpriteTileMode: 0
  m_WasSpriteAssigned: 1
  m_MaskInteraction: 0
  m_SpriteSortPoint: 0
--- !u!114 &6462937548914901759
MonoBehaviour:
  m_ObjectHideFlags: 0
  m_CorrespondingSourceObject: {fileID: 0}
  m_PrefabInstance: {fileID: 0}
  m_PrefabAsset: {fileID: 0}
  m_GameObject: {fileID: 6462937548914901731}
  m_Enabled: 1
  m_EditorHideFlags: 0
  m_Script: {fileID: 11500000, guid: 98320d351e8d457c886883bf4a19c3e9, type: 3}
  m_Name: 
  m_EditorClassIdentifier: 
  speed: 2
  waypoints: []
  repeat: 0
  shouldRotate: 0
  rotationSpeed: 2
  tolerance: 0.1
--- !u!114 &-1006816112519781534
MonoBehaviour:
  m_ObjectHideFlags: 0
  m_CorrespondingSourceObject: {fileID: 0}
  m_PrefabInstance: {fileID: 0}
  m_PrefabAsset: {fileID: 0}
  m_GameObject: {fileID: 6462937548914901731}
  m_Enabled: 1
  m_EditorHideFlags: 0
  m_Script: {fileID: 11500000, guid: b3fef127d4ae4ae5af57303140c7ae6f, type: 3}
  m_Name: 
  m_EditorClassIdentifier: 
--- !u!114 &5981565271562614727
MonoBehaviour:
  m_ObjectHideFlags: 0
  m_CorrespondingSourceObject: {fileID: 0}
  m_PrefabInstance: {fileID: 0}
  m_PrefabAsset: {fileID: 0}
  m_GameObject: {fileID: 6462937548914901731}
  m_Enabled: 1
  m_EditorHideFlags: 0
  m_Script: {fileID: 11500000, guid: ef226cf2f82d4bf394eebd858b261870, type: 3}
  m_Name: 
  m_EditorClassIdentifier: 
  bumpForcePercent: 0.15
--- !u!114 &5904029958140620843
MonoBehaviour:
  m_ObjectHideFlags: 0
  m_CorrespondingSourceObject: {fileID: 0}
  m_PrefabInstance: {fileID: 0}
  m_PrefabAsset: {fileID: 0}
  m_GameObject: {fileID: 6462937548914901731}
  m_Enabled: 1
  m_EditorHideFlags: 0
  m_Script: {fileID: 11500000, guid: 1d39e962da3341e9aca17e9857029fe9, type: 3}
  m_Name: 
  m_EditorClassIdentifier: 
  delay: 15
--- !u!114 &7613507843553378169
MonoBehaviour:
  m_ObjectHideFlags: 0
  m_CorrespondingSourceObject: {fileID: 0}
  m_PrefabInstance: {fileID: 0}
  m_PrefabAsset: {fileID: 0}
  m_GameObject: {fileID: 6462937548914901731}
  m_Enabled: 1
  m_EditorHideFlags: 0
  m_Script: {fileID: 11500000, guid: 4c5bdc652f87476cacbe644d78c682d3, type: 3}
  m_Name: 
  m_EditorClassIdentifier: 
  distanceToDeactivate: 2
