%YAML 1.1
%TAG !u! tag:unity3d.com,2011:
--- !u!29 &1
OcclusionCullingSettings:
  m_ObjectHideFlags: 0
  serializedVersion: 2
  m_OcclusionBakeSettings:
    smallestOccluder: 5
    smallestHole: 0.25
    backfaceThreshold: 100
  m_SceneGUID: 00000000000000000000000000000000
  m_OcclusionCullingData: {fileID: 0}
--- !u!104 &2
RenderSettings:
  m_ObjectHideFlags: 0
  serializedVersion: 9
  m_Fog: 0
  m_FogColor: {r: 0.5, g: 0.5, b: 0.5, a: 1}
  m_FogMode: 3
  m_FogDensity: 0.01
  m_LinearFogStart: 0
  m_LinearFogEnd: 300
  m_AmbientSkyColor: {r: 0.212, g: 0.227, b: 0.259, a: 1}
  m_AmbientEquatorColor: {r: 0.114, g: 0.125, b: 0.133, a: 1}
  m_AmbientGroundColor: {r: 0.047, g: 0.043, b: 0.035, a: 1}
  m_AmbientIntensity: 1
  m_AmbientMode: 0
  m_SubtractiveShadowColor: {r: 0.42, g: 0.478, b: 0.627, a: 1}
  m_SkyboxMaterial: {fileID: 10304, guid: 0000000000000000f000000000000000, type: 0}
  m_HaloStrength: 0.5
  m_FlareStrength: 1
  m_FlareFadeSpeed: 3
  m_HaloTexture: {fileID: 0}
  m_SpotCookie: {fileID: 10001, guid: 0000000000000000e000000000000000, type: 0}
  m_DefaultReflectionMode: 0
  m_DefaultReflectionResolution: 128
  m_ReflectionBounces: 1
  m_ReflectionIntensity: 1
  m_CustomReflection: {fileID: 0}
  m_Sun: {fileID: 0}
  m_IndirectSpecularColor: {r: 0, g: 0, b: 0, a: 1}
  m_UseRadianceAmbientProbe: 0
--- !u!157 &3
LightmapSettings:
  m_ObjectHideFlags: 0
  serializedVersion: 12
  m_GIWorkflowMode: 1
  m_GISettings:
    serializedVersion: 2
    m_BounceScale: 1
    m_IndirectOutputScale: 1
    m_AlbedoBoost: 1
    m_EnvironmentLightingMode: 0
    m_EnableBakedLightmaps: 1
    m_EnableRealtimeLightmaps: 0
  m_LightmapEditorSettings:
    serializedVersion: 12
    m_Resolution: 2
    m_BakeResolution: 40
    m_AtlasSize: 1024
    m_AO: 0
    m_AOMaxDistance: 1
    m_CompAOExponent: 1
    m_CompAOExponentDirect: 0
    m_ExtractAmbientOcclusion: 0
    m_Padding: 2
    m_LightmapParameters: {fileID: 0}
    m_LightmapsBakeMode: 1
    m_TextureCompression: 1
    m_FinalGather: 0
    m_FinalGatherFiltering: 1
    m_FinalGatherRayCount: 256
    m_ReflectionCompression: 2
    m_MixedBakeMode: 2
    m_BakeBackend: 1
    m_PVRSampling: 1
    m_PVRDirectSampleCount: 32
    m_PVRSampleCount: 512
    m_PVRBounces: 2
    m_PVREnvironmentSampleCount: 256
    m_PVREnvironmentReferencePointCount: 2048
    m_PVRFilteringMode: 1
    m_PVRDenoiserTypeDirect: 1
    m_PVRDenoiserTypeIndirect: 1
    m_PVRDenoiserTypeAO: 1
    m_PVRFilterTypeDirect: 0
    m_PVRFilterTypeIndirect: 0
    m_PVRFilterTypeAO: 0
    m_PVREnvironmentMIS: 1
    m_PVRCulling: 1
    m_PVRFilteringGaussRadiusDirect: 1
    m_PVRFilteringGaussRadiusIndirect: 5
    m_PVRFilteringGaussRadiusAO: 2
    m_PVRFilteringAtrousPositionSigmaDirect: 0.5
    m_PVRFilteringAtrousPositionSigmaIndirect: 2
    m_PVRFilteringAtrousPositionSigmaAO: 1
    m_ExportTrainingData: 0
    m_TrainingDataDestination: TrainingData
    m_LightProbeSampleCountMultiplier: 4
  m_LightingDataAsset: {fileID: 0}
  m_LightingSettings: {fileID: 4890085278179872738, guid: b31a4ef0842072859962d569ab6be390,
    type: 2}
--- !u!196 &4
NavMeshSettings:
  serializedVersion: 2
  m_ObjectHideFlags: 0
  m_BuildSettings:
    serializedVersion: 2
    agentTypeID: 0
    agentRadius: 0.5
    agentHeight: 2
    agentSlope: 45
    agentClimb: 0.4
    ledgeDropHeight: 0
    maxJumpAcrossDistance: 0
    minRegionArea: 2
    manualCellSize: 0
    cellSize: 0.16666667
    manualTileSize: 0
    tileSize: 256
    accuratePlacement: 0
    maxJobWorkers: 0
    preserveTilesOutsideBounds: 0
    debug:
      m_Flags: 0
  m_NavMeshData: {fileID: 0}
--- !u!1 &271058782
GameObject:
  m_ObjectHideFlags: 0
  m_CorrespondingSourceObject: {fileID: 0}
  m_PrefabInstance: {fileID: 0}
  m_PrefabAsset: {fileID: 0}
  serializedVersion: 6
  m_Component:
  - component: {fileID: 271058783}
  m_Layer: 5
  m_Name: BackgroundVideo
  m_TagString: Untagged
  m_Icon: {fileID: 0}
  m_NavMeshLayer: 0
  m_StaticEditorFlags: 0
  m_IsActive: 1
--- !u!224 &271058783
RectTransform:
  m_ObjectHideFlags: 0
  m_CorrespondingSourceObject: {fileID: 0}
  m_PrefabInstance: {fileID: 0}
  m_PrefabAsset: {fileID: 0}
  m_GameObject: {fileID: 271058782}
  m_LocalRotation: {x: 0, y: 0, z: 0, w: 1}
  m_LocalPosition: {x: 0, y: 0, z: 0}
  m_LocalScale: {x: 1, y: 1, z: 1}
  m_Children:
  - {fileID: 1552532377}
  - {fileID: 748604344}
  m_Father: {fileID: 984256037}
  m_RootOrder: 6
  m_LocalEulerAnglesHint: {x: 0, y: 0, z: 0}
  m_AnchorMin: {x: 0.5, y: 0.5}
  m_AnchorMax: {x: 0.5, y: 0.5}
  m_AnchoredPosition: {x: -63, y: 0}
  m_SizeDelta: {x: 100, y: 100}
  m_Pivot: {x: 0.5, y: 0.5}
--- !u!1 &433524845
GameObject:
  m_ObjectHideFlags: 0
  m_CorrespondingSourceObject: {fileID: 0}
  m_PrefabInstance: {fileID: 0}
  m_PrefabAsset: {fileID: 0}
  serializedVersion: 6
  m_Component:
  - component: {fileID: 433524849}
  - component: {fileID: 433524850}
  - component: {fileID: 433524848}
  - component: {fileID: 433524847}
  - component: {fileID: 433524846}
  m_Layer: 5
  m_Name: Home
  m_TagString: Untagged
  m_Icon: {fileID: 0}
  m_NavMeshLayer: 0
  m_StaticEditorFlags: 0
  m_IsActive: 1
--- !u!114 &433524846
MonoBehaviour:
  m_ObjectHideFlags: 0
  m_CorrespondingSourceObject: {fileID: 0}
  m_PrefabInstance: {fileID: 0}
  m_PrefabAsset: {fileID: 0}
  m_GameObject: {fileID: 433524845}
  m_Enabled: 1
  m_EditorHideFlags: 0
  m_Script: {fileID: 11500000, guid: dc42784cf147c0c48a680349fa168899, type: 3}
  m_Name: 
  m_EditorClassIdentifier: 
  m_IgnoreReversedGraphics: 1
  m_BlockingObjects: 0
  m_BlockingMask:
    serializedVersion: 2
    m_Bits: 4294967295
--- !u!114 &433524847
MonoBehaviour:
  m_ObjectHideFlags: 0
  m_CorrespondingSourceObject: {fileID: 0}
  m_PrefabInstance: {fileID: 0}
  m_PrefabAsset: {fileID: 0}
  m_GameObject: {fileID: 433524845}
  m_Enabled: 1
  m_EditorHideFlags: 0
  m_Script: {fileID: 11500000, guid: 0cd44c1031e13a943bb63640046fad76, type: 3}
  m_Name: 
  m_EditorClassIdentifier: 
  m_UiScaleMode: 2
  m_ReferencePixelsPerUnit: 100
  m_ScaleFactor: 1
  m_ReferenceResolution: {x: 800, y: 600}
  m_ScreenMatchMode: 0
  m_MatchWidthOrHeight: 0
  m_PhysicalUnit: 3
  m_FallbackScreenDPI: 72
  m_DefaultSpriteDPI: 72
  m_DynamicPixelsPerUnit: 1
--- !u!223 &433524848
Canvas:
  m_ObjectHideFlags: 0
  m_CorrespondingSourceObject: {fileID: 0}
  m_PrefabInstance: {fileID: 0}
  m_PrefabAsset: {fileID: 0}
  m_GameObject: {fileID: 433524845}
  m_Enabled: 1
  serializedVersion: 3
  m_RenderMode: 0
  m_Camera: {fileID: 0}
  m_PlaneDistance: 100
  m_PixelPerfect: 0
  m_ReceivesEvents: 1
  m_OverrideSorting: 0
  m_OverridePixelPerfect: 0
  m_SortingBucketNormalizedSize: 0
  m_AdditionalShaderChannelsFlag: 25
  m_SortingLayerID: 0
  m_SortingOrder: 0
  m_TargetDisplay: 0
--- !u!224 &433524849
RectTransform:
  m_ObjectHideFlags: 0
  m_CorrespondingSourceObject: {fileID: 0}
  m_PrefabInstance: {fileID: 0}
  m_PrefabAsset: {fileID: 0}
  m_GameObject: {fileID: 433524845}
  m_LocalRotation: {x: 0, y: 0, z: 0, w: 1}
  m_LocalPosition: {x: 0, y: 0, z: 0}
  m_LocalScale: {x: 0, y: 0, z: 0}
  m_Children:
  - {fileID: 984256037}
  m_Father: {fileID: 0}
  m_RootOrder: 0
  m_LocalEulerAnglesHint: {x: 0, y: 0, z: 0}
  m_AnchorMin: {x: 0, y: 0}
  m_AnchorMax: {x: 0, y: 0}
  m_AnchoredPosition: {x: 0, y: 0}
  m_SizeDelta: {x: 0, y: 0}
  m_Pivot: {x: 0, y: 0}
--- !u!114 &433524850
MonoBehaviour:
  m_ObjectHideFlags: 0
  m_CorrespondingSourceObject: {fileID: 0}
  m_PrefabInstance: {fileID: 0}
  m_PrefabAsset: {fileID: 0}
  m_GameObject: {fileID: 433524845}
  m_Enabled: 1
  m_EditorHideFlags: 0
  m_Script: {fileID: 11500000, guid: a3a42ede413f4a12b60b752602a4d9af, type: 3}
  m_Name: 
  m_EditorClassIdentifier: 
--- !u!1001 &686477734
PrefabInstance:
  m_ObjectHideFlags: 0
  serializedVersion: 2
  m_Modification:
    m_TransformParent: {fileID: 984256037}
    m_Modifications:
    - target: {fileID: 1432879644850976, guid: 738986601f3c7024eba34825abbf8078, type: 3}
      propertyPath: m_Name
      value: Achievements
      objectReference: {fileID: 0}
    - target: {fileID: 114162723845648338, guid: 738986601f3c7024eba34825abbf8078,
        type: 3}
      propertyPath: m_VerticalAlignment
      value: 512
      objectReference: {fileID: 0}
    - target: {fileID: 114162723845648338, guid: 738986601f3c7024eba34825abbf8078,
        type: 3}
      propertyPath: m_textAlignment
      value: 65535
      objectReference: {fileID: 0}
    - target: {fileID: 114162723845648338, guid: 738986601f3c7024eba34825abbf8078,
        type: 3}
      propertyPath: m_text
      value: 'Achievements

'
      objectReference: {fileID: 0}
    - target: {fileID: 114162723845648338, guid: 738986601f3c7024eba34825abbf8078,
        type: 3}
      propertyPath: m_TextStyleHashCode
      value: -1183493901
      objectReference: {fileID: 0}
    - target: {fileID: 114162723845648338, guid: 738986601f3c7024eba34825abbf8078,
        type: 3}
      propertyPath: m_HorizontalAlignment
      value: 2
      objectReference: {fileID: 0}
    - target: {fileID: 114162723845648338, guid: 738986601f3c7024eba34825abbf8078,
        type: 3}
      propertyPath: m_margin.z
      value: -54.48394
      objectReference: {fileID: 0}
    - target: {fileID: 114162723845648338, guid: 738986601f3c7024eba34825abbf8078,
        type: 3}
      propertyPath: m_margin.x
      value: -76.153336
      objectReference: {fileID: 0}
    - target: {fileID: 114162723845648338, guid: 738986601f3c7024eba34825abbf8078,
        type: 3}
      propertyPath: m_fontAsset
      value: 
      objectReference: {fileID: 11400000, guid: 2d09d60468e176544aeb5c85c5996945,
        type: 2}
    - target: {fileID: 114162723845648338, guid: 738986601f3c7024eba34825abbf8078,
        type: 3}
      propertyPath: m_sharedMaterial
      value: 
      objectReference: {fileID: -1123199703291536381, guid: 2d09d60468e176544aeb5c85c5996945,
        type: 2}
    - target: {fileID: 114162723845648338, guid: 738986601f3c7024eba34825abbf8078,
        type: 3}
      propertyPath: m_fontSize
      value: 28
      objectReference: {fileID: 0}
    - target: {fileID: 114162723845648338, guid: 738986601f3c7024eba34825abbf8078,
        type: 3}
      propertyPath: m_fontSizeBase
      value: 28
      objectReference: {fileID: 0}
    - target: {fileID: 114473228879009638, guid: 738986601f3c7024eba34825abbf8078,
        type: 3}
      propertyPath: m_VerticalAlignment
      value: 512
      objectReference: {fileID: 0}
    - target: {fileID: 114473228879009638, guid: 738986601f3c7024eba34825abbf8078,
        type: 3}
      propertyPath: m_textAlignment
      value: 65535
      objectReference: {fileID: 0}
    - target: {fileID: 114473228879009638, guid: 738986601f3c7024eba34825abbf8078,
        type: 3}
      propertyPath: m_text
      value: Achievements
      objectReference: {fileID: 0}
    - target: {fileID: 114473228879009638, guid: 738986601f3c7024eba34825abbf8078,
        type: 3}
      propertyPath: m_TextStyleHashCode
      value: -1183493901
      objectReference: {fileID: 0}
    - target: {fileID: 114473228879009638, guid: 738986601f3c7024eba34825abbf8078,
        type: 3}
      propertyPath: m_HorizontalAlignment
      value: 2
      objectReference: {fileID: 0}
    - target: {fileID: 114473228879009638, guid: 738986601f3c7024eba34825abbf8078,
        type: 3}
      propertyPath: m_margin.z
      value: -55.107647
      objectReference: {fileID: 0}
    - target: {fileID: 114473228879009638, guid: 738986601f3c7024eba34825abbf8078,
        type: 3}
      propertyPath: m_margin.x
      value: -76.77866
      objectReference: {fileID: 0}
    - target: {fileID: 114473228879009638, guid: 738986601f3c7024eba34825abbf8078,
        type: 3}
      propertyPath: m_fontAsset
      value: 
      objectReference: {fileID: 11400000, guid: 2d09d60468e176544aeb5c85c5996945,
        type: 2}
    - target: {fileID: 114473228879009638, guid: 738986601f3c7024eba34825abbf8078,
        type: 3}
      propertyPath: m_sharedMaterial
      value: 
      objectReference: {fileID: -1123199703291536381, guid: 2d09d60468e176544aeb5c85c5996945,
        type: 2}
    - target: {fileID: 114473228879009638, guid: 738986601f3c7024eba34825abbf8078,
        type: 3}
      propertyPath: m_fontSize
      value: 28
      objectReference: {fileID: 0}
    - target: {fileID: 114473228879009638, guid: 738986601f3c7024eba34825abbf8078,
        type: 3}
      propertyPath: m_fontSizeBase
      value: 28
      objectReference: {fileID: 0}
    - target: {fileID: 114674421988355758, guid: 738986601f3c7024eba34825abbf8078,
        type: 3}
      propertyPath: m_Navigation.m_Mode
      value: -1
      objectReference: {fileID: 0}
    - target: {fileID: 114674421988355758, guid: 738986601f3c7024eba34825abbf8078,
        type: 3}
      propertyPath: m_Navigation.m_SelectOnDown
      value: 
      objectReference: {fileID: 0}
    - target: {fileID: 114674421988355758, guid: 738986601f3c7024eba34825abbf8078,
        type: 3}
      propertyPath: m_Navigation.m_SelectOnUp
      value: 
      objectReference: {fileID: 0}
    - target: {fileID: 114705584586561386, guid: 738986601f3c7024eba34825abbf8078,
        type: 3}
      propertyPath: m_HorizontalFit
      value: 0
      objectReference: {fileID: 0}
    - target: {fileID: 114719508242176518, guid: 738986601f3c7024eba34825abbf8078,
        type: 3}
      propertyPath: m_HorizontalFit
      value: 0
      objectReference: {fileID: 0}
    - target: {fileID: 114761014121509040, guid: 738986601f3c7024eba34825abbf8078,
        type: 3}
      propertyPath: m_ChildScaleWidth
      value: 0
      objectReference: {fileID: 0}
    - target: {fileID: 114761014121509040, guid: 738986601f3c7024eba34825abbf8078,
        type: 3}
      propertyPath: m_ChildScaleHeight
      value: 0
      objectReference: {fileID: 0}
    - target: {fileID: 224104902173032242, guid: 738986601f3c7024eba34825abbf8078,
        type: 3}
      propertyPath: m_AnchoredPosition.x
      value: 137.5
      objectReference: {fileID: 0}
    - target: {fileID: 224104902173032242, guid: 738986601f3c7024eba34825abbf8078,
        type: 3}
      propertyPath: m_AnchorMin.y
      value: 0
      objectReference: {fileID: 0}
    - target: {fileID: 224104902173032242, guid: 738986601f3c7024eba34825abbf8078,
        type: 3}
      propertyPath: m_AnchorMax.y
      value: 0
      objectReference: {fileID: 0}
    - target: {fileID: 224104902173032242, guid: 738986601f3c7024eba34825abbf8078,
        type: 3}
      propertyPath: m_AnchoredPosition.y
      value: 0
      objectReference: {fileID: 0}
    - target: {fileID: 224104902173032242, guid: 738986601f3c7024eba34825abbf8078,
        type: 3}
      propertyPath: m_SizeDelta.x
      value: 229.39381
      objectReference: {fileID: 0}
    - target: {fileID: 224104902173032242, guid: 738986601f3c7024eba34825abbf8078,
        type: 3}
      propertyPath: m_LocalPosition.z
      value: 0
      objectReference: {fileID: 0}
    - target: {fileID: 224285257788118906, guid: 738986601f3c7024eba34825abbf8078,
        type: 3}
      propertyPath: m_LocalPosition.x
      value: 0
      objectReference: {fileID: 0}
    - target: {fileID: 224285257788118906, guid: 738986601f3c7024eba34825abbf8078,
        type: 3}
      propertyPath: m_LocalPosition.y
      value: 0
      objectReference: {fileID: 0}
    - target: {fileID: 224285257788118906, guid: 738986601f3c7024eba34825abbf8078,
        type: 3}
      propertyPath: m_LocalPosition.z
      value: 0
      objectReference: {fileID: 0}
    - target: {fileID: 224285257788118906, guid: 738986601f3c7024eba34825abbf8078,
        type: 3}
      propertyPath: m_LocalRotation.x
      value: 0
      objectReference: {fileID: 0}
    - target: {fileID: 224285257788118906, guid: 738986601f3c7024eba34825abbf8078,
        type: 3}
      propertyPath: m_LocalRotation.y
      value: 0
      objectReference: {fileID: 0}
    - target: {fileID: 224285257788118906, guid: 738986601f3c7024eba34825abbf8078,
        type: 3}
      propertyPath: m_LocalRotation.z
      value: 0
      objectReference: {fileID: 0}
    - target: {fileID: 224285257788118906, guid: 738986601f3c7024eba34825abbf8078,
        type: 3}
      propertyPath: m_LocalRotation.w
      value: 1
      objectReference: {fileID: 0}
    - target: {fileID: 224285257788118906, guid: 738986601f3c7024eba34825abbf8078,
        type: 3}
      propertyPath: m_RootOrder
      value: 3
      objectReference: {fileID: 0}
    - target: {fileID: 224285257788118906, guid: 738986601f3c7024eba34825abbf8078,
        type: 3}
      propertyPath: m_LocalEulerAnglesHint.x
      value: 0
      objectReference: {fileID: 0}
    - target: {fileID: 224285257788118906, guid: 738986601f3c7024eba34825abbf8078,
        type: 3}
      propertyPath: m_LocalEulerAnglesHint.y
      value: 0
      objectReference: {fileID: 0}
    - target: {fileID: 224285257788118906, guid: 738986601f3c7024eba34825abbf8078,
        type: 3}
      propertyPath: m_LocalEulerAnglesHint.z
      value: 0
      objectReference: {fileID: 0}
    - target: {fileID: 224285257788118906, guid: 738986601f3c7024eba34825abbf8078,
        type: 3}
      propertyPath: m_AnchoredPosition.x
      value: 335
      objectReference: {fileID: 0}
    - target: {fileID: 224285257788118906, guid: 738986601f3c7024eba34825abbf8078,
        type: 3}
      propertyPath: m_AnchoredPosition.y
      value: -76
      objectReference: {fileID: 0}
    - target: {fileID: 224285257788118906, guid: 738986601f3c7024eba34825abbf8078,
        type: 3}
      propertyPath: m_SizeDelta.x
      value: 0
      objectReference: {fileID: 0}
    - target: {fileID: 224285257788118906, guid: 738986601f3c7024eba34825abbf8078,
        type: 3}
      propertyPath: m_SizeDelta.y
      value: 50
      objectReference: {fileID: 0}
    - target: {fileID: 224285257788118906, guid: 738986601f3c7024eba34825abbf8078,
        type: 3}
      propertyPath: m_AnchorMin.x
      value: 0.5
      objectReference: {fileID: 0}
    - target: {fileID: 224285257788118906, guid: 738986601f3c7024eba34825abbf8078,
        type: 3}
      propertyPath: m_AnchorMin.y
      value: 0.5
      objectReference: {fileID: 0}
    - target: {fileID: 224285257788118906, guid: 738986601f3c7024eba34825abbf8078,
        type: 3}
      propertyPath: m_AnchorMax.x
      value: 0.5
      objectReference: {fileID: 0}
    - target: {fileID: 224285257788118906, guid: 738986601f3c7024eba34825abbf8078,
        type: 3}
      propertyPath: m_AnchorMax.y
      value: 0.5
      objectReference: {fileID: 0}
    - target: {fileID: 224285257788118906, guid: 738986601f3c7024eba34825abbf8078,
        type: 3}
      propertyPath: m_Pivot.x
      value: 0.5
      objectReference: {fileID: 0}
    - target: {fileID: 224285257788118906, guid: 738986601f3c7024eba34825abbf8078,
        type: 3}
      propertyPath: m_Pivot.y
      value: 0.5
      objectReference: {fileID: 0}
    - target: {fileID: 224285257788118906, guid: 738986601f3c7024eba34825abbf8078,
        type: 3}
      propertyPath: m_LocalScale.x
      value: 1
      objectReference: {fileID: 0}
    - target: {fileID: 224285257788118906, guid: 738986601f3c7024eba34825abbf8078,
        type: 3}
      propertyPath: m_LocalScale.y
      value: 1
      objectReference: {fileID: 0}
    - target: {fileID: 224285257788118906, guid: 738986601f3c7024eba34825abbf8078,
        type: 3}
      propertyPath: m_LocalScale.z
      value: 1
      objectReference: {fileID: 0}
    - target: {fileID: 224452190952647574, guid: 738986601f3c7024eba34825abbf8078,
        type: 3}
      propertyPath: m_AnchoredPosition.x
      value: 137.5
      objectReference: {fileID: 0}
    - target: {fileID: 224452190952647574, guid: 738986601f3c7024eba34825abbf8078,
        type: 3}
      propertyPath: m_AnchorMin.y
      value: 0
      objectReference: {fileID: 0}
    - target: {fileID: 224452190952647574, guid: 738986601f3c7024eba34825abbf8078,
        type: 3}
      propertyPath: m_AnchorMax.y
      value: 0
      objectReference: {fileID: 0}
    - target: {fileID: 224452190952647574, guid: 738986601f3c7024eba34825abbf8078,
        type: 3}
      propertyPath: m_AnchoredPosition.y
      value: 0
      objectReference: {fileID: 0}
    - target: {fileID: 224452190952647574, guid: 738986601f3c7024eba34825abbf8078,
        type: 3}
      propertyPath: m_SizeDelta.x
      value: 275
      objectReference: {fileID: 0}
    m_RemovedComponents: []
  m_SourcePrefab: {fileID: 100100000, guid: 738986601f3c7024eba34825abbf8078, type: 3}
--- !u!224 &686477735 stripped
RectTransform:
  m_CorrespondingSourceObject: {fileID: 224285257788118906, guid: 738986601f3c7024eba34825abbf8078,
    type: 3}
  m_PrefabInstance: {fileID: 686477734}
  m_PrefabAsset: {fileID: 0}
--- !u!1 &748604343
GameObject:
  m_ObjectHideFlags: 0
  m_CorrespondingSourceObject: {fileID: 0}
  m_PrefabInstance: {fileID: 0}
  m_PrefabAsset: {fileID: 0}
  serializedVersion: 6
  m_Component:
  - component: {fileID: 748604344}
  - component: {fileID: 748604345}
  m_Layer: 5
  m_Name: Video Player
  m_TagString: Untagged
  m_Icon: {fileID: 0}
  m_NavMeshLayer: 0
  m_StaticEditorFlags: 0
  m_IsActive: 1
--- !u!224 &748604344
RectTransform:
  m_ObjectHideFlags: 0
  m_CorrespondingSourceObject: {fileID: 0}
  m_PrefabInstance: {fileID: 0}
  m_PrefabAsset: {fileID: 0}
  m_GameObject: {fileID: 748604343}
  m_LocalRotation: {x: 0, y: 0, z: 0, w: 1}
  m_LocalPosition: {x: 0, y: 0, z: 0}
  m_LocalScale: {x: 1, y: 1, z: 1}
  m_Children: []
  m_Father: {fileID: 271058783}
  m_RootOrder: 1
  m_LocalEulerAnglesHint: {x: 0, y: 0, z: 0}
  m_AnchorMin: {x: 0.5, y: 0.5}
  m_AnchorMax: {x: 0.5, y: 0.5}
  m_AnchoredPosition: {x: 0, y: 0}
  m_SizeDelta: {x: 100, y: 100}
  m_Pivot: {x: 0.5, y: 0.5}
--- !u!328 &748604345
VideoPlayer:
  m_ObjectHideFlags: 0
  m_CorrespondingSourceObject: {fileID: 0}
  m_PrefabInstance: {fileID: 0}
  m_PrefabAsset: {fileID: 0}
  m_GameObject: {fileID: 748604343}
  m_Enabled: 1
  m_VideoClip: {fileID: 32900000, guid: a5c5bf7553c24cd468ce42e38d4917e3, type: 3}
  m_TargetCameraAlpha: 1
  m_TargetCamera3DLayout: 0
  m_TargetCamera: {fileID: 1552532375}
  m_TargetTexture: {fileID: 0}
  m_TimeReference: 0
  m_TargetMaterialRenderer: {fileID: 0}
  m_TargetMaterialProperty: _MainTex
  m_RenderMode: 0
  m_AspectRatio: 2
  m_DataSource: 0
  m_PlaybackSpeed: 1
  m_AudioOutputMode: 2
  m_TargetAudioSources: []
  m_DirectAudioVolumes: []
  m_Url: 
  m_EnabledAudioTracks: 
  m_DirectAudioMutes: 
  m_ControlledAudioTrackCount: 0
  m_PlayOnAwake: 1
  m_SkipOnDrop: 1
  m_Looping: 1
  m_WaitForFirstFrame: 1
  m_FrameReadyEventEnabled: 0
  m_VideoShaders: []
--- !u!1001 &777799246
PrefabInstance:
  m_ObjectHideFlags: 0
  serializedVersion: 2
  m_Modification:
    m_TransformParent: {fileID: 984256037}
    m_Modifications:
    - target: {fileID: 1432879644850976, guid: 738986601f3c7024eba34825abbf8078, type: 3}
      propertyPath: m_Name
      value: Play
      objectReference: {fileID: 0}
    - target: {fileID: 114162723845648338, guid: 738986601f3c7024eba34825abbf8078,
        type: 3}
      propertyPath: m_VerticalAlignment
      value: 512
      objectReference: {fileID: 0}
    - target: {fileID: 114162723845648338, guid: 738986601f3c7024eba34825abbf8078,
        type: 3}
      propertyPath: m_textAlignment
      value: 65535
      objectReference: {fileID: 0}
    - target: {fileID: 114162723845648338, guid: 738986601f3c7024eba34825abbf8078,
        type: 3}
      propertyPath: m_text
      value: 'Play

'
      objectReference: {fileID: 0}
    - target: {fileID: 114162723845648338, guid: 738986601f3c7024eba34825abbf8078,
        type: 3}
      propertyPath: m_TextStyleHashCode
      value: -1183493901
      objectReference: {fileID: 0}
    - target: {fileID: 114162723845648338, guid: 738986601f3c7024eba34825abbf8078,
        type: 3}
      propertyPath: m_HorizontalAlignment
      value: 2
      objectReference: {fileID: 0}
    - target: {fileID: 114162723845648338, guid: 738986601f3c7024eba34825abbf8078,
        type: 3}
      propertyPath: m_fontAsset
      value: 
      objectReference: {fileID: 11400000, guid: 2d09d60468e176544aeb5c85c5996945,
        type: 2}
    - target: {fileID: 114162723845648338, guid: 738986601f3c7024eba34825abbf8078,
        type: 3}
      propertyPath: m_sharedMaterial
      value: 
      objectReference: {fileID: -1123199703291536381, guid: 2d09d60468e176544aeb5c85c5996945,
        type: 2}
    - target: {fileID: 114162723845648338, guid: 738986601f3c7024eba34825abbf8078,
        type: 3}
      propertyPath: m_fontSize
      value: 28
      objectReference: {fileID: 0}
    - target: {fileID: 114162723845648338, guid: 738986601f3c7024eba34825abbf8078,
        type: 3}
      propertyPath: m_fontSizeBase
      value: 28
      objectReference: {fileID: 0}
    - target: {fileID: 114473228879009638, guid: 738986601f3c7024eba34825abbf8078,
        type: 3}
      propertyPath: m_VerticalAlignment
      value: 512
      objectReference: {fileID: 0}
    - target: {fileID: 114473228879009638, guid: 738986601f3c7024eba34825abbf8078,
        type: 3}
      propertyPath: m_textAlignment
      value: 65535
      objectReference: {fileID: 0}
    - target: {fileID: 114473228879009638, guid: 738986601f3c7024eba34825abbf8078,
        type: 3}
      propertyPath: m_text
      value: 'Play

'
      objectReference: {fileID: 0}
    - target: {fileID: 114473228879009638, guid: 738986601f3c7024eba34825abbf8078,
        type: 3}
      propertyPath: m_TextStyleHashCode
      value: -1183493901
      objectReference: {fileID: 0}
    - target: {fileID: 114473228879009638, guid: 738986601f3c7024eba34825abbf8078,
        type: 3}
      propertyPath: m_HorizontalAlignment
      value: 2
      objectReference: {fileID: 0}
    - target: {fileID: 114473228879009638, guid: 738986601f3c7024eba34825abbf8078,
        type: 3}
      propertyPath: m_fontAsset
      value: 
      objectReference: {fileID: 11400000, guid: 2d09d60468e176544aeb5c85c5996945,
        type: 2}
    - target: {fileID: 114473228879009638, guid: 738986601f3c7024eba34825abbf8078,
        type: 3}
      propertyPath: m_sharedMaterial
      value: 
      objectReference: {fileID: -1123199703291536381, guid: 2d09d60468e176544aeb5c85c5996945,
        type: 2}
    - target: {fileID: 114473228879009638, guid: 738986601f3c7024eba34825abbf8078,
        type: 3}
      propertyPath: m_fontSize
      value: 28
      objectReference: {fileID: 0}
    - target: {fileID: 114473228879009638, guid: 738986601f3c7024eba34825abbf8078,
        type: 3}
      propertyPath: m_fontSizeBase
      value: 28
      objectReference: {fileID: 0}
    - target: {fileID: 114674421988355758, guid: 738986601f3c7024eba34825abbf8078,
        type: 3}
      propertyPath: m_Navigation.m_Mode
      value: -1
      objectReference: {fileID: 0}
    - target: {fileID: 114674421988355758, guid: 738986601f3c7024eba34825abbf8078,
        type: 3}
      propertyPath: m_Navigation.m_SelectOnDown
      value: 
      objectReference: {fileID: 0}
    - target: {fileID: 114674421988355758, guid: 738986601f3c7024eba34825abbf8078,
        type: 3}
      propertyPath: m_Navigation.m_SelectOnUp
      value: 
      objectReference: {fileID: 0}
    - target: {fileID: 114705584586561386, guid: 738986601f3c7024eba34825abbf8078,
        type: 3}
      propertyPath: m_HorizontalFit
      value: 0
      objectReference: {fileID: 0}
    - target: {fileID: 114719508242176518, guid: 738986601f3c7024eba34825abbf8078,
        type: 3}
      propertyPath: m_HorizontalFit
      value: 0
      objectReference: {fileID: 0}
    - target: {fileID: 114761014121509040, guid: 738986601f3c7024eba34825abbf8078,
        type: 3}
      propertyPath: m_ChildScaleWidth
      value: 0
      objectReference: {fileID: 0}
    - target: {fileID: 114761014121509040, guid: 738986601f3c7024eba34825abbf8078,
        type: 3}
      propertyPath: m_ChildScaleHeight
      value: 0
      objectReference: {fileID: 0}
    - target: {fileID: 224104902173032242, guid: 738986601f3c7024eba34825abbf8078,
        type: 3}
      propertyPath: m_AnchoredPosition.x
      value: 137.5
      objectReference: {fileID: 0}
    - target: {fileID: 224104902173032242, guid: 738986601f3c7024eba34825abbf8078,
        type: 3}
      propertyPath: m_AnchorMin.y
      value: 0
      objectReference: {fileID: 0}
    - target: {fileID: 224104902173032242, guid: 738986601f3c7024eba34825abbf8078,
        type: 3}
      propertyPath: m_AnchorMax.y
      value: 0
      objectReference: {fileID: 0}
    - target: {fileID: 224104902173032242, guid: 738986601f3c7024eba34825abbf8078,
        type: 3}
      propertyPath: m_AnchoredPosition.y
      value: 0
      objectReference: {fileID: 0}
    - target: {fileID: 224104902173032242, guid: 738986601f3c7024eba34825abbf8078,
        type: 3}
      propertyPath: m_SizeDelta.x
      value: 229.39381
      objectReference: {fileID: 0}
    - target: {fileID: 224104902173032242, guid: 738986601f3c7024eba34825abbf8078,
        type: 3}
      propertyPath: m_LocalPosition.z
      value: 0
      objectReference: {fileID: 0}
    - target: {fileID: 224285257788118906, guid: 738986601f3c7024eba34825abbf8078,
        type: 3}
      propertyPath: m_LocalPosition.x
      value: 0
      objectReference: {fileID: 0}
    - target: {fileID: 224285257788118906, guid: 738986601f3c7024eba34825abbf8078,
        type: 3}
      propertyPath: m_LocalPosition.y
      value: 0
      objectReference: {fileID: 0}
    - target: {fileID: 224285257788118906, guid: 738986601f3c7024eba34825abbf8078,
        type: 3}
      propertyPath: m_LocalPosition.z
      value: 0
      objectReference: {fileID: 0}
    - target: {fileID: 224285257788118906, guid: 738986601f3c7024eba34825abbf8078,
        type: 3}
      propertyPath: m_LocalRotation.x
      value: 0
      objectReference: {fileID: 0}
    - target: {fileID: 224285257788118906, guid: 738986601f3c7024eba34825abbf8078,
        type: 3}
      propertyPath: m_LocalRotation.y
      value: 0
      objectReference: {fileID: 0}
    - target: {fileID: 224285257788118906, guid: 738986601f3c7024eba34825abbf8078,
        type: 3}
      propertyPath: m_LocalRotation.z
      value: 0
      objectReference: {fileID: 0}
    - target: {fileID: 224285257788118906, guid: 738986601f3c7024eba34825abbf8078,
        type: 3}
      propertyPath: m_LocalRotation.w
      value: 1
      objectReference: {fileID: 0}
    - target: {fileID: 224285257788118906, guid: 738986601f3c7024eba34825abbf8078,
        type: 3}
      propertyPath: m_RootOrder
      value: 1
      objectReference: {fileID: 0}
    - target: {fileID: 224285257788118906, guid: 738986601f3c7024eba34825abbf8078,
        type: 3}
      propertyPath: m_LocalEulerAnglesHint.x
      value: 0
      objectReference: {fileID: 0}
    - target: {fileID: 224285257788118906, guid: 738986601f3c7024eba34825abbf8078,
        type: 3}
      propertyPath: m_LocalEulerAnglesHint.y
      value: 0
      objectReference: {fileID: 0}
    - target: {fileID: 224285257788118906, guid: 738986601f3c7024eba34825abbf8078,
        type: 3}
      propertyPath: m_LocalEulerAnglesHint.z
      value: 0
      objectReference: {fileID: 0}
    - target: {fileID: 224285257788118906, guid: 738986601f3c7024eba34825abbf8078,
        type: 3}
      propertyPath: m_AnchoredPosition.x
      value: 335
      objectReference: {fileID: 0}
    - target: {fileID: 224285257788118906, guid: 738986601f3c7024eba34825abbf8078,
        type: 3}
      propertyPath: m_AnchoredPosition.y
      value: 64
      objectReference: {fileID: 0}
    - target: {fileID: 224285257788118906, guid: 738986601f3c7024eba34825abbf8078,
        type: 3}
      propertyPath: m_SizeDelta.x
      value: 0
      objectReference: {fileID: 0}
    - target: {fileID: 224285257788118906, guid: 738986601f3c7024eba34825abbf8078,
        type: 3}
      propertyPath: m_SizeDelta.y
      value: 50
      objectReference: {fileID: 0}
    - target: {fileID: 224285257788118906, guid: 738986601f3c7024eba34825abbf8078,
        type: 3}
      propertyPath: m_AnchorMin.x
      value: 0.5
      objectReference: {fileID: 0}
    - target: {fileID: 224285257788118906, guid: 738986601f3c7024eba34825abbf8078,
        type: 3}
      propertyPath: m_AnchorMin.y
      value: 0.5
      objectReference: {fileID: 0}
    - target: {fileID: 224285257788118906, guid: 738986601f3c7024eba34825abbf8078,
        type: 3}
      propertyPath: m_AnchorMax.x
      value: 0.5
      objectReference: {fileID: 0}
    - target: {fileID: 224285257788118906, guid: 738986601f3c7024eba34825abbf8078,
        type: 3}
      propertyPath: m_AnchorMax.y
      value: 0.5
      objectReference: {fileID: 0}
    - target: {fileID: 224285257788118906, guid: 738986601f3c7024eba34825abbf8078,
        type: 3}
      propertyPath: m_Pivot.x
      value: 0.5
      objectReference: {fileID: 0}
    - target: {fileID: 224285257788118906, guid: 738986601f3c7024eba34825abbf8078,
        type: 3}
      propertyPath: m_Pivot.y
      value: 0.5
      objectReference: {fileID: 0}
    - target: {fileID: 224452190952647574, guid: 738986601f3c7024eba34825abbf8078,
        type: 3}
      propertyPath: m_AnchoredPosition.x
      value: 137.5
      objectReference: {fileID: 0}
    - target: {fileID: 224452190952647574, guid: 738986601f3c7024eba34825abbf8078,
        type: 3}
      propertyPath: m_AnchorMin.y
      value: 0
      objectReference: {fileID: 0}
    - target: {fileID: 224452190952647574, guid: 738986601f3c7024eba34825abbf8078,
        type: 3}
      propertyPath: m_AnchorMax.y
      value: 0
      objectReference: {fileID: 0}
    - target: {fileID: 224452190952647574, guid: 738986601f3c7024eba34825abbf8078,
        type: 3}
      propertyPath: m_AnchoredPosition.y
      value: 0
      objectReference: {fileID: 0}
    - target: {fileID: 224452190952647574, guid: 738986601f3c7024eba34825abbf8078,
        type: 3}
      propertyPath: m_SizeDelta.x
      value: 275
      objectReference: {fileID: 0}
    m_RemovedComponents: []
  m_SourcePrefab: {fileID: 100100000, guid: 738986601f3c7024eba34825abbf8078, type: 3}
--- !u!224 &777799247 stripped
RectTransform:
  m_CorrespondingSourceObject: {fileID: 224285257788118906, guid: 738986601f3c7024eba34825abbf8078,
    type: 3}
  m_PrefabInstance: {fileID: 777799246}
  m_PrefabAsset: {fileID: 0}
--- !u!1 &984256036
GameObject:
  m_ObjectHideFlags: 0
  m_CorrespondingSourceObject: {fileID: 0}
  m_PrefabInstance: {fileID: 0}
  m_PrefabAsset: {fileID: 0}
  serializedVersion: 6
  m_Component:
  - component: {fileID: 984256037}
  m_Layer: 5
  m_Name: Anchor
  m_TagString: Untagged
  m_Icon: {fileID: 0}
  m_NavMeshLayer: 0
  m_StaticEditorFlags: 0
  m_IsActive: 1
--- !u!224 &984256037
RectTransform:
  m_ObjectHideFlags: 0
  m_CorrespondingSourceObject: {fileID: 0}
  m_PrefabInstance: {fileID: 0}
  m_PrefabAsset: {fileID: 0}
  m_GameObject: {fileID: 984256036}
  m_LocalRotation: {x: 0, y: 0.008726558, z: 0, w: 0.999962}
  m_LocalPosition: {x: 0, y: 0, z: 0}
  m_LocalScale: {x: 1, y: 1, z: 1}
  m_Children:
  - {fileID: 2140188343}
  - {fileID: 777799247}
  - {fileID: 1569125802}
  - {fileID: 686477735}
  - {fileID: 1257029040}
  - {fileID: 1419449344}
  - {fileID: 271058783}
  m_Father: {fileID: 433524849}
  m_RootOrder: 0
  m_LocalEulerAnglesHint: {x: 0, y: 1, z: 0}
  m_AnchorMin: {x: 0.5, y: 0.5}
  m_AnchorMax: {x: 0.5, y: 0.5}
  m_AnchoredPosition: {x: 0, y: 0}
  m_SizeDelta: {x: 1000, y: 600}
  m_Pivot: {x: 0.5, y: 0.5}
--- !u!1001 &1257029039
PrefabInstance:
  m_ObjectHideFlags: 0
  serializedVersion: 2
  m_Modification:
    m_TransformParent: {fileID: 984256037}
    m_Modifications:
    - target: {fileID: 1432879644850976, guid: 738986601f3c7024eba34825abbf8078, type: 3}
      propertyPath: m_Name
      value: Options
      objectReference: {fileID: 0}
    - target: {fileID: 114008580535403430, guid: 738986601f3c7024eba34825abbf8078,
        type: 3}
      propertyPath: m_HorizontalFit
      value: 0
      objectReference: {fileID: 0}
    - target: {fileID: 114162723845648338, guid: 738986601f3c7024eba34825abbf8078,
        type: 3}
      propertyPath: m_VerticalAlignment
      value: 512
      objectReference: {fileID: 0}
    - target: {fileID: 114162723845648338, guid: 738986601f3c7024eba34825abbf8078,
        type: 3}
      propertyPath: m_textAlignment
      value: 65535
      objectReference: {fileID: 0}
    - target: {fileID: 114162723845648338, guid: 738986601f3c7024eba34825abbf8078,
        type: 3}
      propertyPath: m_text
      value: 'Options

'
      objectReference: {fileID: 0}
    - target: {fileID: 114162723845648338, guid: 738986601f3c7024eba34825abbf8078,
        type: 3}
      propertyPath: m_TextStyleHashCode
      value: -1183493901
      objectReference: {fileID: 0}
    - target: {fileID: 114162723845648338, guid: 738986601f3c7024eba34825abbf8078,
        type: 3}
      propertyPath: m_HorizontalAlignment
      value: 2
      objectReference: {fileID: 0}
    - target: {fileID: 114162723845648338, guid: 738986601f3c7024eba34825abbf8078,
        type: 3}
      propertyPath: m_margin.z
      value: -54.48394
      objectReference: {fileID: 0}
    - target: {fileID: 114162723845648338, guid: 738986601f3c7024eba34825abbf8078,
        type: 3}
      propertyPath: m_margin.x
      value: -76.153336
      objectReference: {fileID: 0}
    - target: {fileID: 114162723845648338, guid: 738986601f3c7024eba34825abbf8078,
        type: 3}
      propertyPath: m_fontAsset
      value: 
      objectReference: {fileID: 11400000, guid: 2d09d60468e176544aeb5c85c5996945,
        type: 2}
    - target: {fileID: 114162723845648338, guid: 738986601f3c7024eba34825abbf8078,
        type: 3}
      propertyPath: m_sharedMaterial
      value: 
      objectReference: {fileID: -1123199703291536381, guid: 2d09d60468e176544aeb5c85c5996945,
        type: 2}
    - target: {fileID: 114162723845648338, guid: 738986601f3c7024eba34825abbf8078,
        type: 3}
      propertyPath: m_fontSize
      value: 28
      objectReference: {fileID: 0}
    - target: {fileID: 114162723845648338, guid: 738986601f3c7024eba34825abbf8078,
        type: 3}
      propertyPath: m_fontSizeBase
      value: 28
      objectReference: {fileID: 0}
    - target: {fileID: 114473228879009638, guid: 738986601f3c7024eba34825abbf8078,
        type: 3}
      propertyPath: m_VerticalAlignment
      value: 512
      objectReference: {fileID: 0}
    - target: {fileID: 114473228879009638, guid: 738986601f3c7024eba34825abbf8078,
        type: 3}
      propertyPath: m_textAlignment
      value: 65535
      objectReference: {fileID: 0}
    - target: {fileID: 114473228879009638, guid: 738986601f3c7024eba34825abbf8078,
        type: 3}
      propertyPath: m_text
      value: Options
      objectReference: {fileID: 0}
    - target: {fileID: 114473228879009638, guid: 738986601f3c7024eba34825abbf8078,
        type: 3}
      propertyPath: m_TextStyleHashCode
      value: -1183493901
      objectReference: {fileID: 0}
    - target: {fileID: 114473228879009638, guid: 738986601f3c7024eba34825abbf8078,
        type: 3}
      propertyPath: m_HorizontalAlignment
      value: 2
      objectReference: {fileID: 0}
    - target: {fileID: 114473228879009638, guid: 738986601f3c7024eba34825abbf8078,
        type: 3}
      propertyPath: m_margin.z
      value: -55.107647
      objectReference: {fileID: 0}
    - target: {fileID: 114473228879009638, guid: 738986601f3c7024eba34825abbf8078,
        type: 3}
      propertyPath: m_margin.x
      value: -76.77866
      objectReference: {fileID: 0}
    - target: {fileID: 114473228879009638, guid: 738986601f3c7024eba34825abbf8078,
        type: 3}
      propertyPath: m_fontAsset
      value: 
      objectReference: {fileID: 11400000, guid: 2d09d60468e176544aeb5c85c5996945,
        type: 2}
    - target: {fileID: 114473228879009638, guid: 738986601f3c7024eba34825abbf8078,
        type: 3}
      propertyPath: m_sharedMaterial
      value: 
      objectReference: {fileID: -1123199703291536381, guid: 2d09d60468e176544aeb5c85c5996945,
        type: 2}
    - target: {fileID: 114473228879009638, guid: 738986601f3c7024eba34825abbf8078,
        type: 3}
      propertyPath: m_fontSize
      value: 28
      objectReference: {fileID: 0}
    - target: {fileID: 114473228879009638, guid: 738986601f3c7024eba34825abbf8078,
        type: 3}
      propertyPath: m_fontSizeBase
      value: 28
      objectReference: {fileID: 0}
    - target: {fileID: 114674421988355758, guid: 738986601f3c7024eba34825abbf8078,
        type: 3}
      propertyPath: m_Navigation.m_Mode
      value: -1
      objectReference: {fileID: 0}
    - target: {fileID: 114674421988355758, guid: 738986601f3c7024eba34825abbf8078,
        type: 3}
      propertyPath: m_Navigation.m_SelectOnDown
      value: 
      objectReference: {fileID: 0}
    - target: {fileID: 114674421988355758, guid: 738986601f3c7024eba34825abbf8078,
        type: 3}
      propertyPath: m_Navigation.m_SelectOnUp
      value: 
      objectReference: {fileID: 0}
    - target: {fileID: 114705584586561386, guid: 738986601f3c7024eba34825abbf8078,
        type: 3}
      propertyPath: m_HorizontalFit
      value: 0
      objectReference: {fileID: 0}
    - target: {fileID: 114761014121509040, guid: 738986601f3c7024eba34825abbf8078,
        type: 3}
      propertyPath: m_ChildScaleWidth
      value: 1
      objectReference: {fileID: 0}
    - target: {fileID: 114761014121509040, guid: 738986601f3c7024eba34825abbf8078,
        type: 3}
      propertyPath: m_ChildScaleHeight
      value: 1
      objectReference: {fileID: 0}
    - target: {fileID: 224104902173032242, guid: 738986601f3c7024eba34825abbf8078,
        type: 3}
      propertyPath: m_AnchoredPosition.x
      value: 114.69691
      objectReference: {fileID: 0}
    - target: {fileID: 224104902173032242, guid: 738986601f3c7024eba34825abbf8078,
        type: 3}
      propertyPath: m_AnchorMin.y
      value: 0
      objectReference: {fileID: 0}
    - target: {fileID: 224104902173032242, guid: 738986601f3c7024eba34825abbf8078,
        type: 3}
      propertyPath: m_AnchorMax.y
      value: 0
      objectReference: {fileID: 0}
    - target: {fileID: 224104902173032242, guid: 738986601f3c7024eba34825abbf8078,
        type: 3}
      propertyPath: m_AnchoredPosition.y
      value: 0
      objectReference: {fileID: 0}
    - target: {fileID: 224104902173032242, guid: 738986601f3c7024eba34825abbf8078,
        type: 3}
      propertyPath: m_SizeDelta.x
      value: 229.39381
      objectReference: {fileID: 0}
    - target: {fileID: 224104902173032242, guid: 738986601f3c7024eba34825abbf8078,
        type: 3}
      propertyPath: m_LocalPosition.z
      value: 0
      objectReference: {fileID: 0}
    - target: {fileID: 224285257788118906, guid: 738986601f3c7024eba34825abbf8078,
        type: 3}
      propertyPath: m_LocalPosition.x
      value: 0
      objectReference: {fileID: 0}
    - target: {fileID: 224285257788118906, guid: 738986601f3c7024eba34825abbf8078,
        type: 3}
      propertyPath: m_LocalPosition.y
      value: 0
      objectReference: {fileID: 0}
    - target: {fileID: 224285257788118906, guid: 738986601f3c7024eba34825abbf8078,
        type: 3}
      propertyPath: m_LocalPosition.z
      value: 0
      objectReference: {fileID: 0}
    - target: {fileID: 224285257788118906, guid: 738986601f3c7024eba34825abbf8078,
        type: 3}
      propertyPath: m_LocalRotation.x
      value: 0
      objectReference: {fileID: 0}
    - target: {fileID: 224285257788118906, guid: 738986601f3c7024eba34825abbf8078,
        type: 3}
      propertyPath: m_LocalRotation.y
      value: 0
      objectReference: {fileID: 0}
    - target: {fileID: 224285257788118906, guid: 738986601f3c7024eba34825abbf8078,
        type: 3}
      propertyPath: m_LocalRotation.z
      value: 0
      objectReference: {fileID: 0}
    - target: {fileID: 224285257788118906, guid: 738986601f3c7024eba34825abbf8078,
        type: 3}
      propertyPath: m_LocalRotation.w
      value: 1
      objectReference: {fileID: 0}
    - target: {fileID: 224285257788118906, guid: 738986601f3c7024eba34825abbf8078,
        type: 3}
      propertyPath: m_RootOrder
      value: 4
      objectReference: {fileID: 0}
    - target: {fileID: 224285257788118906, guid: 738986601f3c7024eba34825abbf8078,
        type: 3}
      propertyPath: m_LocalEulerAnglesHint.x
      value: 0
      objectReference: {fileID: 0}
    - target: {fileID: 224285257788118906, guid: 738986601f3c7024eba34825abbf8078,
        type: 3}
      propertyPath: m_LocalEulerAnglesHint.y
      value: 0
      objectReference: {fileID: 0}
    - target: {fileID: 224285257788118906, guid: 738986601f3c7024eba34825abbf8078,
        type: 3}
      propertyPath: m_LocalEulerAnglesHint.z
      value: 0
      objectReference: {fileID: 0}
    - target: {fileID: 224285257788118906, guid: 738986601f3c7024eba34825abbf8078,
        type: 3}
      propertyPath: m_AnchoredPosition.x
      value: 335
      objectReference: {fileID: 0}
    - target: {fileID: 224285257788118906, guid: 738986601f3c7024eba34825abbf8078,
        type: 3}
      propertyPath: m_AnchoredPosition.y
      value: -142
      objectReference: {fileID: 0}
    - target: {fileID: 224285257788118906, guid: 738986601f3c7024eba34825abbf8078,
        type: 3}
      propertyPath: m_SizeDelta.x
      value: 275
      objectReference: {fileID: 0}
    - target: {fileID: 224285257788118906, guid: 738986601f3c7024eba34825abbf8078,
        type: 3}
      propertyPath: m_SizeDelta.y
      value: 50
      objectReference: {fileID: 0}
    - target: {fileID: 224285257788118906, guid: 738986601f3c7024eba34825abbf8078,
        type: 3}
      propertyPath: m_AnchorMin.x
      value: 0.5
      objectReference: {fileID: 0}
    - target: {fileID: 224285257788118906, guid: 738986601f3c7024eba34825abbf8078,
        type: 3}
      propertyPath: m_AnchorMin.y
      value: 0.5
      objectReference: {fileID: 0}
    - target: {fileID: 224285257788118906, guid: 738986601f3c7024eba34825abbf8078,
        type: 3}
      propertyPath: m_AnchorMax.x
      value: 0.5
      objectReference: {fileID: 0}
    - target: {fileID: 224285257788118906, guid: 738986601f3c7024eba34825abbf8078,
        type: 3}
      propertyPath: m_AnchorMax.y
      value: 0.5
      objectReference: {fileID: 0}
    - target: {fileID: 224285257788118906, guid: 738986601f3c7024eba34825abbf8078,
        type: 3}
      propertyPath: m_Pivot.x
      value: 0.5
      objectReference: {fileID: 0}
    - target: {fileID: 224285257788118906, guid: 738986601f3c7024eba34825abbf8078,
        type: 3}
      propertyPath: m_Pivot.y
      value: 0.5
      objectReference: {fileID: 0}
    - target: {fileID: 224285257788118906, guid: 738986601f3c7024eba34825abbf8078,
        type: 3}
      propertyPath: m_LocalScale.x
      value: 1
      objectReference: {fileID: 0}
    - target: {fileID: 224285257788118906, guid: 738986601f3c7024eba34825abbf8078,
        type: 3}
      propertyPath: m_LocalScale.y
      value: 1
      objectReference: {fileID: 0}
    - target: {fileID: 224285257788118906, guid: 738986601f3c7024eba34825abbf8078,
        type: 3}
      propertyPath: m_LocalScale.z
      value: 1
      objectReference: {fileID: 0}
    - target: {fileID: 224452190952647574, guid: 738986601f3c7024eba34825abbf8078,
        type: 3}
      propertyPath: m_AnchoredPosition.x
      value: 137.5
      objectReference: {fileID: 0}
    - target: {fileID: 224452190952647574, guid: 738986601f3c7024eba34825abbf8078,
        type: 3}
      propertyPath: m_AnchorMin.y
      value: 0
      objectReference: {fileID: 0}
    - target: {fileID: 224452190952647574, guid: 738986601f3c7024eba34825abbf8078,
        type: 3}
      propertyPath: m_AnchorMax.y
      value: 0
      objectReference: {fileID: 0}
    - target: {fileID: 224452190952647574, guid: 738986601f3c7024eba34825abbf8078,
        type: 3}
      propertyPath: m_AnchoredPosition.y
      value: 0
      objectReference: {fileID: 0}
    - target: {fileID: 224452190952647574, guid: 738986601f3c7024eba34825abbf8078,
        type: 3}
      propertyPath: m_SizeDelta.x
      value: 0
      objectReference: {fileID: 0}
    m_RemovedComponents: []
  m_SourcePrefab: {fileID: 100100000, guid: 738986601f3c7024eba34825abbf8078, type: 3}
--- !u!224 &1257029040 stripped
RectTransform:
  m_CorrespondingSourceObject: {fileID: 224285257788118906, guid: 738986601f3c7024eba34825abbf8078,
    type: 3}
  m_PrefabInstance: {fileID: 1257029039}
  m_PrefabAsset: {fileID: 0}
--- !u!1001 &1419449343
PrefabInstance:
  m_ObjectHideFlags: 0
  serializedVersion: 2
  m_Modification:
    m_TransformParent: {fileID: 984256037}
    m_Modifications:
    - target: {fileID: 1432879644850976, guid: 738986601f3c7024eba34825abbf8078, type: 3}
      propertyPath: m_Name
      value: Quit
      objectReference: {fileID: 0}
    - target: {fileID: 114162723845648338, guid: 738986601f3c7024eba34825abbf8078,
        type: 3}
      propertyPath: m_VerticalAlignment
      value: 512
      objectReference: {fileID: 0}
    - target: {fileID: 114162723845648338, guid: 738986601f3c7024eba34825abbf8078,
        type: 3}
      propertyPath: m_textAlignment
      value: 65535
      objectReference: {fileID: 0}
    - target: {fileID: 114162723845648338, guid: 738986601f3c7024eba34825abbf8078,
        type: 3}
      propertyPath: m_text
      value: 'Quit

'
      objectReference: {fileID: 0}
    - target: {fileID: 114162723845648338, guid: 738986601f3c7024eba34825abbf8078,
        type: 3}
      propertyPath: m_TextStyleHashCode
      value: -1183493901
      objectReference: {fileID: 0}
    - target: {fileID: 114162723845648338, guid: 738986601f3c7024eba34825abbf8078,
        type: 3}
      propertyPath: m_HorizontalAlignment
      value: 2
      objectReference: {fileID: 0}
    - target: {fileID: 114162723845648338, guid: 738986601f3c7024eba34825abbf8078,
        type: 3}
      propertyPath: m_margin.z
      value: -54.48394
      objectReference: {fileID: 0}
    - target: {fileID: 114162723845648338, guid: 738986601f3c7024eba34825abbf8078,
        type: 3}
      propertyPath: m_margin.x
      value: -76.153336
      objectReference: {fileID: 0}
    - target: {fileID: 114162723845648338, guid: 738986601f3c7024eba34825abbf8078,
        type: 3}
      propertyPath: m_fontAsset
      value: 
      objectReference: {fileID: 11400000, guid: 2d09d60468e176544aeb5c85c5996945,
        type: 2}
    - target: {fileID: 114162723845648338, guid: 738986601f3c7024eba34825abbf8078,
        type: 3}
      propertyPath: m_sharedMaterial
      value: 
      objectReference: {fileID: -1123199703291536381, guid: 2d09d60468e176544aeb5c85c5996945,
        type: 2}
    - target: {fileID: 114162723845648338, guid: 738986601f3c7024eba34825abbf8078,
        type: 3}
      propertyPath: m_fontSize
      value: 28
      objectReference: {fileID: 0}
    - target: {fileID: 114162723845648338, guid: 738986601f3c7024eba34825abbf8078,
        type: 3}
      propertyPath: m_fontSizeBase
      value: 28
      objectReference: {fileID: 0}
    - target: {fileID: 114473228879009638, guid: 738986601f3c7024eba34825abbf8078,
        type: 3}
      propertyPath: m_VerticalAlignment
      value: 512
      objectReference: {fileID: 0}
    - target: {fileID: 114473228879009638, guid: 738986601f3c7024eba34825abbf8078,
        type: 3}
      propertyPath: m_textAlignment
      value: 65535
      objectReference: {fileID: 0}
    - target: {fileID: 114473228879009638, guid: 738986601f3c7024eba34825abbf8078,
        type: 3}
      propertyPath: m_text
      value: Quit
      objectReference: {fileID: 0}
    - target: {fileID: 114473228879009638, guid: 738986601f3c7024eba34825abbf8078,
        type: 3}
      propertyPath: m_TextStyleHashCode
      value: -1183493901
      objectReference: {fileID: 0}
    - target: {fileID: 114473228879009638, guid: 738986601f3c7024eba34825abbf8078,
        type: 3}
      propertyPath: m_HorizontalAlignment
      value: 2
      objectReference: {fileID: 0}
    - target: {fileID: 114473228879009638, guid: 738986601f3c7024eba34825abbf8078,
        type: 3}
      propertyPath: m_margin.z
      value: -55.107647
      objectReference: {fileID: 0}
    - target: {fileID: 114473228879009638, guid: 738986601f3c7024eba34825abbf8078,
        type: 3}
      propertyPath: m_margin.x
      value: -76.77866
      objectReference: {fileID: 0}
    - target: {fileID: 114473228879009638, guid: 738986601f3c7024eba34825abbf8078,
        type: 3}
      propertyPath: m_fontAsset
      value: 
      objectReference: {fileID: 11400000, guid: 2d09d60468e176544aeb5c85c5996945,
        type: 2}
    - target: {fileID: 114473228879009638, guid: 738986601f3c7024eba34825abbf8078,
        type: 3}
      propertyPath: m_sharedMaterial
      value: 
      objectReference: {fileID: -1123199703291536381, guid: 2d09d60468e176544aeb5c85c5996945,
        type: 2}
    - target: {fileID: 114473228879009638, guid: 738986601f3c7024eba34825abbf8078,
        type: 3}
      propertyPath: m_fontSize
      value: 28
      objectReference: {fileID: 0}
    - target: {fileID: 114473228879009638, guid: 738986601f3c7024eba34825abbf8078,
        type: 3}
      propertyPath: m_fontSizeBase
      value: 28
      objectReference: {fileID: 0}
    - target: {fileID: 114473228879009638, guid: 738986601f3c7024eba34825abbf8078,
        type: 3}
      propertyPath: m_fontStyle
      value: 0
      objectReference: {fileID: 0}
    - target: {fileID: 114674421988355758, guid: 738986601f3c7024eba34825abbf8078,
        type: 3}
      propertyPath: m_Navigation.m_Mode
      value: -1
      objectReference: {fileID: 0}
    - target: {fileID: 114674421988355758, guid: 738986601f3c7024eba34825abbf8078,
        type: 3}
      propertyPath: m_Navigation.m_SelectOnDown
      value: 
      objectReference: {fileID: 0}
    - target: {fileID: 114674421988355758, guid: 738986601f3c7024eba34825abbf8078,
        type: 3}
      propertyPath: m_Navigation.m_SelectOnUp
      value: 
      objectReference: {fileID: 0}
    - target: {fileID: 114705584586561386, guid: 738986601f3c7024eba34825abbf8078,
        type: 3}
      propertyPath: m_HorizontalFit
      value: 0
      objectReference: {fileID: 0}
    - target: {fileID: 114719508242176518, guid: 738986601f3c7024eba34825abbf8078,
        type: 3}
      propertyPath: m_HorizontalFit
      value: 0
      objectReference: {fileID: 0}
    - target: {fileID: 114761014121509040, guid: 738986601f3c7024eba34825abbf8078,
        type: 3}
      propertyPath: m_ChildScaleWidth
      value: 1
      objectReference: {fileID: 0}
    - target: {fileID: 114761014121509040, guid: 738986601f3c7024eba34825abbf8078,
        type: 3}
      propertyPath: m_ChildScaleHeight
      value: 1
      objectReference: {fileID: 0}
    - target: {fileID: 224104902173032242, guid: 738986601f3c7024eba34825abbf8078,
        type: 3}
      propertyPath: m_AnchoredPosition.x
      value: 137.5
      objectReference: {fileID: 0}
    - target: {fileID: 224104902173032242, guid: 738986601f3c7024eba34825abbf8078,
        type: 3}
      propertyPath: m_AnchorMin.y
      value: 0
      objectReference: {fileID: 0}
    - target: {fileID: 224104902173032242, guid: 738986601f3c7024eba34825abbf8078,
        type: 3}
      propertyPath: m_AnchorMax.y
      value: 0
      objectReference: {fileID: 0}
    - target: {fileID: 224104902173032242, guid: 738986601f3c7024eba34825abbf8078,
        type: 3}
      propertyPath: m_AnchoredPosition.y
      value: 0
      objectReference: {fileID: 0}
    - target: {fileID: 224104902173032242, guid: 738986601f3c7024eba34825abbf8078,
        type: 3}
      propertyPath: m_SizeDelta.x
      value: 229.39381
      objectReference: {fileID: 0}
    - target: {fileID: 224104902173032242, guid: 738986601f3c7024eba34825abbf8078,
        type: 3}
      propertyPath: m_LocalPosition.z
      value: 0
      objectReference: {fileID: 0}
    - target: {fileID: 224285257788118906, guid: 738986601f3c7024eba34825abbf8078,
        type: 3}
      propertyPath: m_LocalPosition.x
      value: 0
      objectReference: {fileID: 0}
    - target: {fileID: 224285257788118906, guid: 738986601f3c7024eba34825abbf8078,
        type: 3}
      propertyPath: m_LocalPosition.y
      value: 0
      objectReference: {fileID: 0}
    - target: {fileID: 224285257788118906, guid: 738986601f3c7024eba34825abbf8078,
        type: 3}
      propertyPath: m_LocalPosition.z
      value: 0
      objectReference: {fileID: 0}
    - target: {fileID: 224285257788118906, guid: 738986601f3c7024eba34825abbf8078,
        type: 3}
      propertyPath: m_LocalRotation.x
      value: 0
      objectReference: {fileID: 0}
    - target: {fileID: 224285257788118906, guid: 738986601f3c7024eba34825abbf8078,
        type: 3}
      propertyPath: m_LocalRotation.y
      value: 0
      objectReference: {fileID: 0}
    - target: {fileID: 224285257788118906, guid: 738986601f3c7024eba34825abbf8078,
        type: 3}
      propertyPath: m_LocalRotation.z
      value: 0
      objectReference: {fileID: 0}
    - target: {fileID: 224285257788118906, guid: 738986601f3c7024eba34825abbf8078,
        type: 3}
      propertyPath: m_LocalRotation.w
      value: 1
      objectReference: {fileID: 0}
    - target: {fileID: 224285257788118906, guid: 738986601f3c7024eba34825abbf8078,
        type: 3}
      propertyPath: m_RootOrder
      value: 5
      objectReference: {fileID: 0}
    - target: {fileID: 224285257788118906, guid: 738986601f3c7024eba34825abbf8078,
        type: 3}
      propertyPath: m_LocalEulerAnglesHint.x
      value: 0
      objectReference: {fileID: 0}
    - target: {fileID: 224285257788118906, guid: 738986601f3c7024eba34825abbf8078,
        type: 3}
      propertyPath: m_LocalEulerAnglesHint.y
      value: 0
      objectReference: {fileID: 0}
    - target: {fileID: 224285257788118906, guid: 738986601f3c7024eba34825abbf8078,
        type: 3}
      propertyPath: m_LocalEulerAnglesHint.z
      value: 0
      objectReference: {fileID: 0}
    - target: {fileID: 224285257788118906, guid: 738986601f3c7024eba34825abbf8078,
        type: 3}
      propertyPath: m_AnchoredPosition.x
      value: 335
      objectReference: {fileID: 0}
    - target: {fileID: 224285257788118906, guid: 738986601f3c7024eba34825abbf8078,
        type: 3}
      propertyPath: m_AnchoredPosition.y
      value: -204
      objectReference: {fileID: 0}
    - target: {fileID: 224285257788118906, guid: 738986601f3c7024eba34825abbf8078,
        type: 3}
      propertyPath: m_SizeDelta.x
      value: 0
      objectReference: {fileID: 0}
    - target: {fileID: 224285257788118906, guid: 738986601f3c7024eba34825abbf8078,
        type: 3}
      propertyPath: m_SizeDelta.y
      value: 50
      objectReference: {fileID: 0}
    - target: {fileID: 224285257788118906, guid: 738986601f3c7024eba34825abbf8078,
        type: 3}
      propertyPath: m_AnchorMin.x
      value: 0.5
      objectReference: {fileID: 0}
    - target: {fileID: 224285257788118906, guid: 738986601f3c7024eba34825abbf8078,
        type: 3}
      propertyPath: m_AnchorMin.y
      value: 0.5
      objectReference: {fileID: 0}
    - target: {fileID: 224285257788118906, guid: 738986601f3c7024eba34825abbf8078,
        type: 3}
      propertyPath: m_AnchorMax.x
      value: 0.5
      objectReference: {fileID: 0}
    - target: {fileID: 224285257788118906, guid: 738986601f3c7024eba34825abbf8078,
        type: 3}
      propertyPath: m_AnchorMax.y
      value: 0.5
      objectReference: {fileID: 0}
    - target: {fileID: 224285257788118906, guid: 738986601f3c7024eba34825abbf8078,
        type: 3}
      propertyPath: m_Pivot.x
      value: 0.5
      objectReference: {fileID: 0}
    - target: {fileID: 224285257788118906, guid: 738986601f3c7024eba34825abbf8078,
        type: 3}
      propertyPath: m_Pivot.y
      value: 0.5
      objectReference: {fileID: 0}
    - target: {fileID: 224285257788118906, guid: 738986601f3c7024eba34825abbf8078,
        type: 3}
      propertyPath: m_LocalScale.x
      value: 1
      objectReference: {fileID: 0}
    - target: {fileID: 224285257788118906, guid: 738986601f3c7024eba34825abbf8078,
        type: 3}
      propertyPath: m_LocalScale.y
      value: 1
      objectReference: {fileID: 0}
    - target: {fileID: 224285257788118906, guid: 738986601f3c7024eba34825abbf8078,
        type: 3}
      propertyPath: m_LocalScale.z
      value: 1
      objectReference: {fileID: 0}
    - target: {fileID: 224452190952647574, guid: 738986601f3c7024eba34825abbf8078,
        type: 3}
      propertyPath: m_AnchoredPosition.x
      value: 137.5
      objectReference: {fileID: 0}
    - target: {fileID: 224452190952647574, guid: 738986601f3c7024eba34825abbf8078,
        type: 3}
      propertyPath: m_AnchorMin.y
      value: 0
      objectReference: {fileID: 0}
    - target: {fileID: 224452190952647574, guid: 738986601f3c7024eba34825abbf8078,
        type: 3}
      propertyPath: m_AnchorMax.y
      value: 0
      objectReference: {fileID: 0}
    - target: {fileID: 224452190952647574, guid: 738986601f3c7024eba34825abbf8078,
        type: 3}
      propertyPath: m_AnchoredPosition.y
      value: 0
      objectReference: {fileID: 0}
    - target: {fileID: 224452190952647574, guid: 738986601f3c7024eba34825abbf8078,
        type: 3}
      propertyPath: m_SizeDelta.x
      value: 275
      objectReference: {fileID: 0}
    m_RemovedComponents: []
  m_SourcePrefab: {fileID: 100100000, guid: 738986601f3c7024eba34825abbf8078, type: 3}
--- !u!224 &1419449344 stripped
RectTransform:
  m_CorrespondingSourceObject: {fileID: 224285257788118906, guid: 738986601f3c7024eba34825abbf8078,
    type: 3}
  m_PrefabInstance: {fileID: 1419449343}
  m_PrefabAsset: {fileID: 0}
--- !u!1 &1552532374
GameObject:
  m_ObjectHideFlags: 0
  m_CorrespondingSourceObject: {fileID: 0}
  m_PrefabInstance: {fileID: 0}
  m_PrefabAsset: {fileID: 0}
  serializedVersion: 6
  m_Component:
  - component: {fileID: 1552532377}
  - component: {fileID: 1552532375}
  m_Layer: 5
  m_Name: Camera
  m_TagString: Untagged
  m_Icon: {fileID: 0}
  m_NavMeshLayer: 0
  m_StaticEditorFlags: 0
  m_IsActive: 1
--- !u!20 &1552532375
Camera:
  m_ObjectHideFlags: 0
  m_CorrespondingSourceObject: {fileID: 0}
  m_PrefabInstance: {fileID: 0}
  m_PrefabAsset: {fileID: 0}
  m_GameObject: {fileID: 1552532374}
  m_Enabled: 1
  serializedVersion: 2
  m_ClearFlags: 2
  m_BackGroundColor: {r: 0, g: 0, b: 0, a: 0}
  m_projectionMatrixMode: 1
  m_GateFitMode: 2
  m_FOVAxisMode: 0
  m_SensorSize: {x: 36, y: 24}
  m_LensShift: {x: 0, y: 0}
  m_FocalLength: 50
  m_NormalizedViewPortRect:
    serializedVersion: 2
    x: 0
    y: 0
    width: 1
    height: 1
  near clip plane: 0.3
  far clip plane: 1000
  field of view: 60
  orthographic: 0
  orthographic size: 5
  m_Depth: 0
  m_CullingMask:
    serializedVersion: 2
    m_Bits: 4294967295
  m_RenderingPath: -1
  m_TargetTexture: {fileID: 0}
  m_TargetDisplay: 0
  m_TargetEye: 3
  m_HDR: 1
  m_AllowMSAA: 1
  m_AllowDynamicResolution: 0
  m_ForceIntoRT: 0
  m_OcclusionCulling: 1
  m_StereoConvergence: 10
  m_StereoSeparation: 0.022
--- !u!224 &1552532377
RectTransform:
  m_ObjectHideFlags: 0
  m_CorrespondingSourceObject: {fileID: 0}
  m_PrefabInstance: {fileID: 0}
  m_PrefabAsset: {fileID: 0}
  m_GameObject: {fileID: 1552532374}
  m_LocalRotation: {x: 0, y: 0, z: 0, w: 1}
  m_LocalPosition: {x: 0, y: 0, z: 0}
  m_LocalScale: {x: 1, y: 1, z: 1}
  m_Children: []
  m_Father: {fileID: 271058783}
  m_RootOrder: 0
  m_LocalEulerAnglesHint: {x: 0, y: 0, z: 0}
  m_AnchorMin: {x: 0.5, y: 0.5}
  m_AnchorMax: {x: 0.5, y: 0.5}
  m_AnchoredPosition: {x: 0, y: 0}
  m_SizeDelta: {x: 100, y: 100}
  m_Pivot: {x: 0.5, y: 0.5}
--- !u!1001 &1569125801
PrefabInstance:
  m_ObjectHideFlags: 0
  serializedVersion: 2
  m_Modification:
    m_TransformParent: {fileID: 984256037}
    m_Modifications:
    - target: {fileID: 1432879644850976, guid: 738986601f3c7024eba34825abbf8078, type: 3}
      propertyPath: m_Name
      value: SelectLevel
      objectReference: {fileID: 0}
    - target: {fileID: 114066590932453058, guid: 738986601f3c7024eba34825abbf8078,
        type: 3}
      propertyPath: m_ChildScaleWidth
      value: 0
      objectReference: {fileID: 0}
    - target: {fileID: 114162723845648338, guid: 738986601f3c7024eba34825abbf8078,
        type: 3}
      propertyPath: m_VerticalAlignment
      value: 512
      objectReference: {fileID: 0}
    - target: {fileID: 114162723845648338, guid: 738986601f3c7024eba34825abbf8078,
        type: 3}
      propertyPath: m_textAlignment
      value: 65535
      objectReference: {fileID: 0}
    - target: {fileID: 114162723845648338, guid: 738986601f3c7024eba34825abbf8078,
        type: 3}
      propertyPath: m_text
      value: Select Level
      objectReference: {fileID: 0}
    - target: {fileID: 114162723845648338, guid: 738986601f3c7024eba34825abbf8078,
        type: 3}
      propertyPath: m_TextStyleHashCode
      value: -1183493901
      objectReference: {fileID: 0}
    - target: {fileID: 114162723845648338, guid: 738986601f3c7024eba34825abbf8078,
        type: 3}
      propertyPath: m_HorizontalAlignment
      value: 2
      objectReference: {fileID: 0}
    - target: {fileID: 114162723845648338, guid: 738986601f3c7024eba34825abbf8078,
        type: 3}
      propertyPath: m_margin.z
      value: -54.48394
      objectReference: {fileID: 0}
    - target: {fileID: 114162723845648338, guid: 738986601f3c7024eba34825abbf8078,
        type: 3}
      propertyPath: m_margin.x
      value: -76.153336
      objectReference: {fileID: 0}
    - target: {fileID: 114162723845648338, guid: 738986601f3c7024eba34825abbf8078,
        type: 3}
      propertyPath: m_fontAsset
      value: 
      objectReference: {fileID: 11400000, guid: 2d09d60468e176544aeb5c85c5996945,
        type: 2}
    - target: {fileID: 114162723845648338, guid: 738986601f3c7024eba34825abbf8078,
        type: 3}
      propertyPath: m_sharedMaterial
      value: 
      objectReference: {fileID: -1123199703291536381, guid: 2d09d60468e176544aeb5c85c5996945,
        type: 2}
    - target: {fileID: 114162723845648338, guid: 738986601f3c7024eba34825abbf8078,
        type: 3}
      propertyPath: m_fontSize
      value: 28
      objectReference: {fileID: 0}
    - target: {fileID: 114162723845648338, guid: 738986601f3c7024eba34825abbf8078,
        type: 3}
      propertyPath: m_fontSizeBase
      value: 28
      objectReference: {fileID: 0}
    - target: {fileID: 114473228879009638, guid: 738986601f3c7024eba34825abbf8078,
        type: 3}
      propertyPath: m_VerticalAlignment
      value: 512
      objectReference: {fileID: 0}
    - target: {fileID: 114473228879009638, guid: 738986601f3c7024eba34825abbf8078,
        type: 3}
      propertyPath: m_textAlignment
      value: 65535
      objectReference: {fileID: 0}
    - target: {fileID: 114473228879009638, guid: 738986601f3c7024eba34825abbf8078,
        type: 3}
      propertyPath: m_text
      value: Select Level
      objectReference: {fileID: 0}
    - target: {fileID: 114473228879009638, guid: 738986601f3c7024eba34825abbf8078,
        type: 3}
      propertyPath: m_TextStyleHashCode
      value: -1183493901
      objectReference: {fileID: 0}
    - target: {fileID: 114473228879009638, guid: 738986601f3c7024eba34825abbf8078,
        type: 3}
      propertyPath: m_HorizontalAlignment
      value: 2
      objectReference: {fileID: 0}
    - target: {fileID: 114473228879009638, guid: 738986601f3c7024eba34825abbf8078,
        type: 3}
      propertyPath: m_margin.z
      value: -55.107647
      objectReference: {fileID: 0}
    - target: {fileID: 114473228879009638, guid: 738986601f3c7024eba34825abbf8078,
        type: 3}
      propertyPath: m_margin.x
      value: -76.77866
      objectReference: {fileID: 0}
    - target: {fileID: 114473228879009638, guid: 738986601f3c7024eba34825abbf8078,
        type: 3}
      propertyPath: m_fontAsset
      value: 
      objectReference: {fileID: 11400000, guid: 2d09d60468e176544aeb5c85c5996945,
        type: 2}
    - target: {fileID: 114473228879009638, guid: 738986601f3c7024eba34825abbf8078,
        type: 3}
      propertyPath: m_sharedMaterial
      value: 
      objectReference: {fileID: -1123199703291536381, guid: 2d09d60468e176544aeb5c85c5996945,
        type: 2}
    - target: {fileID: 114473228879009638, guid: 738986601f3c7024eba34825abbf8078,
        type: 3}
      propertyPath: m_fontSize
      value: 28
      objectReference: {fileID: 0}
    - target: {fileID: 114473228879009638, guid: 738986601f3c7024eba34825abbf8078,
        type: 3}
      propertyPath: m_fontSizeBase
      value: 28
      objectReference: {fileID: 0}
    - target: {fileID: 114674421988355758, guid: 738986601f3c7024eba34825abbf8078,
        type: 3}
      propertyPath: m_Navigation.m_Mode
      value: -1
      objectReference: {fileID: 0}
    - target: {fileID: 114674421988355758, guid: 738986601f3c7024eba34825abbf8078,
        type: 3}
      propertyPath: m_Navigation.m_SelectOnDown
      value: 
      objectReference: {fileID: 0}
    - target: {fileID: 114674421988355758, guid: 738986601f3c7024eba34825abbf8078,
        type: 3}
      propertyPath: m_Navigation.m_SelectOnUp
      value: 
      objectReference: {fileID: 0}
    - target: {fileID: 114705584586561386, guid: 738986601f3c7024eba34825abbf8078,
        type: 3}
      propertyPath: m_HorizontalFit
      value: 0
      objectReference: {fileID: 0}
    - target: {fileID: 114719508242176518, guid: 738986601f3c7024eba34825abbf8078,
        type: 3}
      propertyPath: m_HorizontalFit
      value: 0
      objectReference: {fileID: 0}
    - target: {fileID: 114761014121509040, guid: 738986601f3c7024eba34825abbf8078,
        type: 3}
      propertyPath: m_ChildScaleWidth
      value: 1
      objectReference: {fileID: 0}
    - target: {fileID: 114761014121509040, guid: 738986601f3c7024eba34825abbf8078,
        type: 3}
      propertyPath: m_ChildScaleHeight
      value: 1
      objectReference: {fileID: 0}
    - target: {fileID: 224104902173032242, guid: 738986601f3c7024eba34825abbf8078,
        type: 3}
      propertyPath: m_AnchoredPosition.x
      value: 137.5
      objectReference: {fileID: 0}
    - target: {fileID: 224104902173032242, guid: 738986601f3c7024eba34825abbf8078,
        type: 3}
      propertyPath: m_AnchorMin.y
      value: 0
      objectReference: {fileID: 0}
    - target: {fileID: 224104902173032242, guid: 738986601f3c7024eba34825abbf8078,
        type: 3}
      propertyPath: m_AnchorMax.y
      value: 0
      objectReference: {fileID: 0}
    - target: {fileID: 224104902173032242, guid: 738986601f3c7024eba34825abbf8078,
        type: 3}
      propertyPath: m_AnchoredPosition.y
      value: 0
      objectReference: {fileID: 0}
    - target: {fileID: 224104902173032242, guid: 738986601f3c7024eba34825abbf8078,
        type: 3}
      propertyPath: m_SizeDelta.x
      value: 229.39381
      objectReference: {fileID: 0}
    - target: {fileID: 224104902173032242, guid: 738986601f3c7024eba34825abbf8078,
        type: 3}
      propertyPath: m_LocalPosition.z
      value: 0
      objectReference: {fileID: 0}
    - target: {fileID: 224285257788118906, guid: 738986601f3c7024eba34825abbf8078,
        type: 3}
      propertyPath: m_LocalPosition.x
      value: 0
      objectReference: {fileID: 0}
    - target: {fileID: 224285257788118906, guid: 738986601f3c7024eba34825abbf8078,
        type: 3}
      propertyPath: m_LocalPosition.y
      value: 0
      objectReference: {fileID: 0}
    - target: {fileID: 224285257788118906, guid: 738986601f3c7024eba34825abbf8078,
        type: 3}
      propertyPath: m_LocalPosition.z
      value: 0
      objectReference: {fileID: 0}
    - target: {fileID: 224285257788118906, guid: 738986601f3c7024eba34825abbf8078,
        type: 3}
      propertyPath: m_LocalRotation.x
      value: 0
      objectReference: {fileID: 0}
    - target: {fileID: 224285257788118906, guid: 738986601f3c7024eba34825abbf8078,
        type: 3}
      propertyPath: m_LocalRotation.y
      value: 0
      objectReference: {fileID: 0}
    - target: {fileID: 224285257788118906, guid: 738986601f3c7024eba34825abbf8078,
        type: 3}
      propertyPath: m_LocalRotation.z
      value: 0
      objectReference: {fileID: 0}
    - target: {fileID: 224285257788118906, guid: 738986601f3c7024eba34825abbf8078,
        type: 3}
      propertyPath: m_LocalRotation.w
      value: 1
      objectReference: {fileID: 0}
    - target: {fileID: 224285257788118906, guid: 738986601f3c7024eba34825abbf8078,
        type: 3}
      propertyPath: m_RootOrder
      value: 2
      objectReference: {fileID: 0}
    - target: {fileID: 224285257788118906, guid: 738986601f3c7024eba34825abbf8078,
        type: 3}
      propertyPath: m_LocalEulerAnglesHint.x
      value: 0
      objectReference: {fileID: 0}
    - target: {fileID: 224285257788118906, guid: 738986601f3c7024eba34825abbf8078,
        type: 3}
      propertyPath: m_LocalEulerAnglesHint.y
      value: 0
      objectReference: {fileID: 0}
    - target: {fileID: 224285257788118906, guid: 738986601f3c7024eba34825abbf8078,
        type: 3}
      propertyPath: m_LocalEulerAnglesHint.z
      value: 0
      objectReference: {fileID: 0}
    - target: {fileID: 224285257788118906, guid: 738986601f3c7024eba34825abbf8078,
        type: 3}
      propertyPath: m_AnchoredPosition.x
      value: 335
      objectReference: {fileID: 0}
    - target: {fileID: 224285257788118906, guid: 738986601f3c7024eba34825abbf8078,
        type: 3}
      propertyPath: m_AnchoredPosition.y
      value: -7
      objectReference: {fileID: 0}
    - target: {fileID: 224285257788118906, guid: 738986601f3c7024eba34825abbf8078,
        type: 3}
      propertyPath: m_SizeDelta.x
      value: 0
      objectReference: {fileID: 0}
    - target: {fileID: 224285257788118906, guid: 738986601f3c7024eba34825abbf8078,
        type: 3}
      propertyPath: m_SizeDelta.y
      value: 50
      objectReference: {fileID: 0}
    - target: {fileID: 224285257788118906, guid: 738986601f3c7024eba34825abbf8078,
        type: 3}
      propertyPath: m_AnchorMin.x
      value: 0.5
      objectReference: {fileID: 0}
    - target: {fileID: 224285257788118906, guid: 738986601f3c7024eba34825abbf8078,
        type: 3}
      propertyPath: m_AnchorMin.y
      value: 0.5
      objectReference: {fileID: 0}
    - target: {fileID: 224285257788118906, guid: 738986601f3c7024eba34825abbf8078,
        type: 3}
      propertyPath: m_AnchorMax.x
      value: 0.5
      objectReference: {fileID: 0}
    - target: {fileID: 224285257788118906, guid: 738986601f3c7024eba34825abbf8078,
        type: 3}
      propertyPath: m_AnchorMax.y
      value: 0.5
      objectReference: {fileID: 0}
    - target: {fileID: 224285257788118906, guid: 738986601f3c7024eba34825abbf8078,
        type: 3}
      propertyPath: m_Pivot.x
      value: 0.5
      objectReference: {fileID: 0}
    - target: {fileID: 224285257788118906, guid: 738986601f3c7024eba34825abbf8078,
        type: 3}
      propertyPath: m_Pivot.y
      value: 0.5
      objectReference: {fileID: 0}
    - target: {fileID: 224285257788118906, guid: 738986601f3c7024eba34825abbf8078,
        type: 3}
      propertyPath: m_LocalScale.x
      value: 1
      objectReference: {fileID: 0}
    - target: {fileID: 224285257788118906, guid: 738986601f3c7024eba34825abbf8078,
        type: 3}
      propertyPath: m_LocalScale.y
      value: 1
      objectReference: {fileID: 0}
    - target: {fileID: 224285257788118906, guid: 738986601f3c7024eba34825abbf8078,
        type: 3}
      propertyPath: m_LocalScale.z
      value: 1
      objectReference: {fileID: 0}
    - target: {fileID: 224452190952647574, guid: 738986601f3c7024eba34825abbf8078,
        type: 3}
      propertyPath: m_AnchoredPosition.x
      value: 137.5
      objectReference: {fileID: 0}
    - target: {fileID: 224452190952647574, guid: 738986601f3c7024eba34825abbf8078,
        type: 3}
      propertyPath: m_AnchorMin.y
      value: 0
      objectReference: {fileID: 0}
    - target: {fileID: 224452190952647574, guid: 738986601f3c7024eba34825abbf8078,
        type: 3}
      propertyPath: m_AnchorMax.y
      value: 0
      objectReference: {fileID: 0}
    - target: {fileID: 224452190952647574, guid: 738986601f3c7024eba34825abbf8078,
        type: 3}
      propertyPath: m_AnchoredPosition.y
      value: 0
      objectReference: {fileID: 0}
    - target: {fileID: 224452190952647574, guid: 738986601f3c7024eba34825abbf8078,
        type: 3}
      propertyPath: m_SizeDelta.x
      value: 275
      objectReference: {fileID: 0}
    m_RemovedComponents: []
  m_SourcePrefab: {fileID: 100100000, guid: 738986601f3c7024eba34825abbf8078, type: 3}
--- !u!224 &1569125802 stripped
RectTransform:
  m_CorrespondingSourceObject: {fileID: 224285257788118906, guid: 738986601f3c7024eba34825abbf8078,
    type: 3}
  m_PrefabInstance: {fileID: 1569125801}
  m_PrefabAsset: {fileID: 0}
--- !u!1 &2140188342
GameObject:
  m_ObjectHideFlags: 0
  m_CorrespondingSourceObject: {fileID: 0}
  m_PrefabInstance: {fileID: 0}
  m_PrefabAsset: {fileID: 0}
  serializedVersion: 6
  m_Component:
  - component: {fileID: 2140188343}
  - component: {fileID: 2140188345}
  - component: {fileID: 2140188344}
  m_Layer: 5
  m_Name: Title
  m_TagString: Untagged
  m_Icon: {fileID: 0}
  m_NavMeshLayer: 0
  m_StaticEditorFlags: 0
  m_IsActive: 1
--- !u!224 &2140188343
RectTransform:
  m_ObjectHideFlags: 0
  m_CorrespondingSourceObject: {fileID: 0}
  m_PrefabInstance: {fileID: 0}
  m_PrefabAsset: {fileID: 0}
  m_GameObject: {fileID: 2140188342}
  m_LocalRotation: {x: -0, y: -0, z: -0, w: 1}
  m_LocalPosition: {x: 0, y: 0, z: -0}
  m_LocalScale: {x: 1, y: 1, z: 1}
  m_Children: []
  m_Father: {fileID: 984256037}
  m_RootOrder: 0
  m_LocalEulerAnglesHint: {x: 0, y: 0, z: 0}
  m_AnchorMin: {x: 0.5, y: 0.5}
  m_AnchorMax: {x: 0.5, y: 0.5}
  m_AnchoredPosition: {x: 41, y: 105}
  m_SizeDelta: {x: 512, y: 128}
  m_Pivot: {x: 0.5, y: 0}
--- !u!114 &2140188344
MonoBehaviour:
  m_ObjectHideFlags: 0
  m_CorrespondingSourceObject: {fileID: 0}
  m_PrefabInstance: {fileID: 0}
  m_PrefabAsset: {fileID: 0}
  m_GameObject: {fileID: 2140188342}
  m_Enabled: 1
  m_EditorHideFlags: 0
  m_Script: {fileID: 11500000, guid: f4688fdb7df04437aeb418b961361dc5, type: 3}
  m_Name: 
  m_EditorClassIdentifier: 
  m_Material: {fileID: 0}
  m_Color: {r: 1, g: 1, b: 1, a: 1}
  m_RaycastTarget: 1
  m_RaycastPadding: {x: 0, y: 0, z: 0, w: 0}
  m_Maskable: 1
  m_OnCullStateChanged:
    m_PersistentCalls:
      m_Calls: []
  m_text: Blurry days
  m_isRightToLeft: 0
  m_fontAsset: {fileID: 11400000, guid: 52cb95421939b3343ade2a7579e71c06, type: 2}
  m_sharedMaterial: {fileID: 21307179227807236, guid: 52cb95421939b3343ade2a7579e71c06,
    type: 2}
  m_fontSharedMaterials: []
  m_fontMaterial: {fileID: 0}
  m_fontMaterials: []
  m_fontColor32:
    serializedVersion: 2
    rgba: 4294967295
  m_fontColor: {r: 1, g: 1, b: 1, a: 1}
  m_enableVertexGradient: 0
  m_colorMode: 3
  m_fontColorGradient:
    topLeft: {r: 1, g: 1, b: 1, a: 1}
    topRight: {r: 1, g: 1, b: 1, a: 1}
    bottomLeft: {r: 1, g: 1, b: 1, a: 1}
    bottomRight: {r: 1, g: 1, b: 1, a: 1}
  m_fontColorGradientPreset: {fileID: 0}
  m_spriteAsset: {fileID: 0}
  m_tintAllSprites: 0
  m_StyleSheet: {fileID: 0}
  m_TextStyleHashCode: -1183493901
  m_overrideHtmlColors: 0
  m_faceColor:
    serializedVersion: 2
    rgba: 4294967295
  m_fontSize: 100
  m_fontSizeBase: 100
  m_fontWeight: 400
  m_enableAutoSizing: 0
  m_fontSizeMin: 18
  m_fontSizeMax: 72
  m_fontStyle: 0
  m_HorizontalAlignment: 4
  m_VerticalAlignment: 256
  m_textAlignment: 65535
  m_characterSpacing: 0
  m_wordSpacing: 0
  m_lineSpacing: 0
  m_lineSpacingMax: 0
  m_paragraphSpacing: 0
  m_charWidthMaxAdj: 0
  m_enableWordWrapping: 1
  m_wordWrappingRatios: 0.4
  m_overflowMode: 0
  m_linkedTextComponent: {fileID: 0}
  parentLinkedComponent: {fileID: 0}
  m_enableKerning: 1
  m_enableExtraPadding: 0
  checkPaddingRequired: 0
  m_isRichText: 1
  m_parseCtrlCharacters: 1
  m_isOrthographic: 1
  m_isCullingEnabled: 0
  m_horizontalMapping: 0
  m_verticalMapping: 0
  m_uvLineOffset: 0
  m_geometrySortingOrder: 0
  m_IsTextObjectScaleStatic: 0
  m_VertexBufferAutoSizeReduction: 1
  m_useMaxVisibleDescender: 1
  m_pageToDisplay: 1
  m_margin: {x: -282.98184, y: 0.0000004905253, z: -203.06277, w: 55.09397}
  m_isUsingLegacyAnimationComponent: 0
  m_isVolumetricText: 0
  m_hasFontAssetChanged: 0
  m_baseMaterial: {fileID: 0}
  m_maskOffset: {x: 0, y: 0, z: 0, w: 0}
--- !u!222 &2140188345
CanvasRenderer:
  m_ObjectHideFlags: 0
  m_CorrespondingSourceObject: {fileID: 0}
  m_PrefabInstance: {fileID: 0}
  m_PrefabAsset: {fileID: 0}
  m_GameObject: {fileID: 2140188342}
  m_CullTransparentMesh: 0
